Player	rawDistanceSocre	distanceScore	task3Duration	isOutsideLane	isTimeout	hasCollided	hasExceededSpeedLimit	hasFinishedTask1	hasFinishedTask2	hasFinishedTask3
20230815061020_seigot_main_20230816_lanechange_pullout_sideshift_pullover_false.patch	-1	-1	-1	false	false	false	false	false	false	false
20230815061603_seigot_main_20230816_lanechange_pullout_sideshift_pullover_false.patch	52.7902	50.1507	24.7989	false	false	true	false	false	true	false
20230815062326_seigot_main_20230816_lanechange_pullout_sideshift_pullover_false.patch	-1	-1	-1	false	false	false	false	false	false	false
20230815063050_seigot_main_20230816_lanechange_pullout_sideshift_pullover_false.patch	-1	-1	-1	false	false	false	false	false	false	false
20230815063813_seigot_main_20230816_lanechange_pullout_sideshift_pullover_false.patch	-1	-1	-1	false	false	false	false	false	false	false
20230815064537_seigot_main_20230816_lanechange_pullout_sideshift_pullover_false.patch	-1	-1	-1	false	false	false	false	false	false	false
20230815065300_seigot_main_20230816_lanechange_pullout_sideshift_pullover_false.patch	-1	-1	-1	false	false	false	false	false	false	false
20230815065857_seigot_main_20230816_enable_autoware_mini.patch	0.410306	0.389791	0	true	false	false	false	false	true	false
20230815070439_seigot_main_20230816_enable_autoware_mini.patch	0	0	0	true	false	false	false	false	true	false
20230815071021_seigot_main_20230816_enable_autoware_mini.patch	0	0	0	true	false	false	false	false	true	false
20230815071744_seigot_main_20230816_enable_autoware_mini.patch	-1	-1	-1	false	false	false	false	false	false	false
20230815072326_seigot_main_20230816_enable_autoware_mini.patch	0	0	0	true	false	false	false	false	true	false
20230815073049_seigot_main_20230816_enable_autoware_mini.patch	-1	-1	-1	false	false	false	false	false	false	false
20230815073812_seigot_main_20230816_enable_autoware_mini.patch	-1	-1	-1	false	false	false	false	false	false	false
20230815074407_seigot_main_20230816_enable_autoware_mini_2.patch	33.4067	31.7364	3.19997	false	false	true	false	false	true	false
20230815074950_seigot_main_20230816_enable_autoware_mini_2.patch	33.5407	31.8637	3.19999	false	false	true	false	false	true	false
20230815075532_seigot_main_20230816_enable_autoware_mini_2.patch	0.106753	0.101415	0	true	false	false	false	false	true	false
20230815080114_seigot_main_20230816_enable_autoware_mini_2.patch	33.4179	31.747	3.19993	false	false	true	false	false	true	false
20230815080656_seigot_main_20230816_enable_autoware_mini_2.patch	33.659	31.976	3.39814	false	false	true	false	false	true	false
20230815081238_seigot_main_20230816_enable_autoware_mini_2.patch	33.6792	31.9953	3.39974	false	false	true	false	false	true	false
20230815081820_seigot_main_20230816_enable_autoware_mini_2.patch	33.6392	31.9572	3.39785	false	false	true	false	false	true	false
20230815082416_seigot_main_20230809_2.patch	43.029	43.029	12.5999	false	false	true	false	true	true	false
20230815082958_seigot_main_20230809_2.patch	43.0169	43.0169	12.5999	false	false	true	false	true	true	false
20230815083541_seigot_main_20230809_2.patch	42.9219	42.9219	12.7999	false	false	true	false	true	true	false
20230815084123_seigot_main_20230809_2.patch	42.9003	40.7552	12.3999	false	false	true	false	false	true	false
20230815084847_seigot_main_20230809_2.patch	-1	-1	-1	false	false	false	false	false	false	false
20230815085429_seigot_main_20230809_2.patch	43.0408	43.0408	12.6	false	false	true	false	true	true	false
20230815090012_seigot_main_20230809_2.patch	52.6134	52.6134	31.2005	false	false	true	false	true	true	false
20230815090607_seigot_main_20230816_autoware_mini+0809.patch	1.42228	1.35116	0	true	false	false	false	false	true	false
20230815091330_seigot_main_20230816_autoware_mini+0809.patch	-1	-1	-1	false	false	false	false	false	false	false
20230815091912_seigot_main_20230816_autoware_mini+0809.patch	0.396121	0.376315	0	true	false	false	false	false	true	false
20230815092454_seigot_main_20230816_autoware_mini+0809.patch	0	0	0	true	false	false	false	false	true	false
20230815093036_seigot_main_20230816_autoware_mini+0809.patch	0	0	0	true	false	false	false	false	true	false
20230815093759_seigot_main_20230816_autoware_mini+0809.patch	-1	-1	-1	false	false	false	false	false	false	false
20230815094522_seigot_main_20230816_autoware_mini+0809.patch	-1	-1	-1	false	false	false	false	false	false	false
20230815095259_seigot_main_20230816_task01.patch	-1	-1	-1	false	false	false	false	false	false	false
20230815100023_seigot_main_20230816_task01.patch	-1	-1	-1	false	false	false	false	false	false	false
20230815100605_seigot_main_20230816_task01.patch	33.6353	31.9535	3.40003	false	false	true	false	false	true	false
20230815101329_seigot_main_20230816_task01.patch	-1	-1	-1	false	false	false	false	false	false	false
20230815102052_seigot_main_20230816_task01.patch	-1	-1	-1	false	false	false	false	false	false	false
20230815102816_seigot_main_20230816_task01.patch	-1	-1	-1	false	false	false	false	false	false	false
20230815103539_seigot_main_20230816_task01.patch	-1	-1	-1	false	false	false	false	false	false	false
20230815105543_seigot_main_20230816_kuroda_tmp.patch	43.3733	43.3733	12.7999	false	false	true	false	true	true	false
20230815110125_seigot_main_20230816_kuroda_tmp.patch	33.4564	31.7835	3.2	false	false	true	false	false	true	false
20230815110708_seigot_main_20230816_kuroda_tmp.patch	53.2079	53.2079	22.4003	false	false	true	false	true	true	false
20230815111250_seigot_main_20230816_kuroda_tmp.patch	42.9567	40.8089	12.5999	false	false	true	false	false	true	false
20230815111833_seigot_main_20230816_kuroda_tmp.patch	43.085	40.9308	12.5999	false	false	true	false	false	true	false
20230815112415_seigot_main_20230816_kuroda_tmp.patch	33.5782	31.8993	3.19993	false	false	true	false	false	true	false
20230815112958_seigot_main_20230816_kuroda_tmp.patch	43.0233	43.0233	12.5999	false	false	true	false	true	true	false
20230816123508_seigot_main_20230816_task02_1.patch	-1	-1	-1	false	false	false	false	false	false	false
20230816124051_seigot_main_20230816_task02_1.patch	33.5517	31.8741	3.19994	false	false	true	false	false	true	false
20230816124814_seigot_main_20230816_task02_1.patch	-1	-1	-1	false	false	false	false	false	false	false
20230816125538_seigot_main_20230816_task02_1.patch	-1	-1	-1	false	false	false	false	false	false	false
20230816010121_seigot_main_20230816_task02_1.patch	33.7039	32.0187	3.3999	false	false	true	false	false	true	false
20230816010844_seigot_main_20230816_task02_1.patch	-1	-1	-1	false	false	false	false	false	false	false
20230816011608_seigot_main_20230816_task02_1.patch	-1	-1	-1	false	false	false	false	false	false	false
20230816012345_seigot_main_20230816_task02_2+envelopebuffer0.5.patch	-1	-1	-1	false	false	false	false	false	false	false
20230816013108_seigot_main_20230816_task02_2+envelopebuffer0.5.patch	-1	-1	-1	false	false	false	false	false	false	false
20230816013832_seigot_main_20230816_task02_2+envelopebuffer0.5.patch	-1	-1	-1	false	false	false	false	false	false	false
20230816014556_seigot_main_20230816_task02_2+envelopebuffer0.5.patch	-1	-1	-1	false	false	false	false	false	false	false
20230816015320_seigot_main_20230816_task02_2+envelopebuffer0.5.patch	-1	-1	-1	false	false	false	false	false	false	false
20230816015902_seigot_main_20230816_task02_2+envelopebuffer0.5.patch	33.6138	31.9331	3.39998	false	false	true	false	false	true	false
20230816020445_seigot_main_20230816_task02_2+envelopebuffer0.5.patch	43.3182	41.1523	24.1999	false	false	true	false	false	true	false
20230816021041_seigot_main_20230816_task02_2+envelopebuffer0.8+forwardpathlength20.0+road_sholder_safty_margin0+drivableareaoffset2.0.patch	33.7793	32.0903	3.39891	false	false	true	false	false	true	false
20230816021805_seigot_main_20230816_task02_2+envelopebuffer0.8+forwardpathlength20.0+road_sholder_safty_margin0+drivableareaoffset2.0.patch	-1	-1	-1	false	false	false	false	false	false	false
20230816022528_seigot_main_20230816_task02_2+envelopebuffer0.8+forwardpathlength20.0+road_sholder_safty_margin0+drivableareaoffset2.0.patch	-1	-1	-1	false	false	false	false	false	false	false
20230816023252_seigot_main_20230816_task02_2+envelopebuffer0.8+forwardpathlength20.0+road_sholder_safty_margin0+drivableareaoffset2.0.patch	-1	-1	-1	false	false	false	false	false	false	false
20230816023834_seigot_main_20230816_task02_2+envelopebuffer0.8+forwardpathlength20.0+road_sholder_safty_margin0+drivableareaoffset2.0.patch	33.4782	31.8043	3.19993	false	false	true	false	false	true	false
20230816024417_seigot_main_20230816_task02_2+envelopebuffer0.8+forwardpathlength20.0+road_sholder_safty_margin0+drivableareaoffset2.0.patch	33.6884	32.0039	3.39986	false	false	true	false	false	true	false
20230816025000_seigot_main_20230816_task02_2+envelopebuffer0.8+forwardpathlength20.0+road_sholder_safty_margin0+drivableareaoffset2.0.patch	33.6905	32.0059	3.39986	false	false	true	false	false	true	false
20230816025736_seigot_main_20230816_task02_2+envelopebuffer0.8+forwardpathlength20.0+road_sholder_safty_margin0.patch	-1	-1	-1	false	false	false	false	false	false	false
20230816030500_seigot_main_20230816_task02_2+envelopebuffer0.8+forwardpathlength20.0+road_sholder_safty_margin0.patch	-1	-1	-1	false	false	false	false	false	false	false
20230816031223_seigot_main_20230816_task02_2+envelopebuffer0.8+forwardpathlength20.0+road_sholder_safty_margin0.patch	-1	-1	-1	false	false	false	false	false	false	false
20230816031947_seigot_main_20230816_task02_2+envelopebuffer0.8+forwardpathlength20.0+road_sholder_safty_margin0.patch	-1	-1	-1	false	false	false	false	false	false	false
20230816032711_seigot_main_20230816_task02_2+envelopebuffer0.8+forwardpathlength20.0+road_sholder_safty_margin0.patch	-1	-1	-1	false	false	false	false	false	false	false
20230816033254_seigot_main_20230816_task02_2+envelopebuffer0.8+forwardpathlength20.0+road_sholder_safty_margin0.patch	33.5877	31.9083	3.40037	false	false	true	false	false	true	false
20230816033836_seigot_main_20230816_task02_2+envelopebuffer0.8+forwardpathlength20.0+road_sholder_safty_margin0.patch	33.6554	31.9727	3.39992	false	false	true	false	false	true	false
20230816034613_seigot_main_20230816_task02_2+envelopebuffer0.8+forwardpathlength20.0.patch	-1	-1	-1	false	false	false	false	false	false	false
20230816035336_seigot_main_20230816_task02_2+envelopebuffer0.8+forwardpathlength20.0.patch	-1	-1	-1	false	false	false	false	false	false	false
20230816040100_seigot_main_20230816_task02_2+envelopebuffer0.8+forwardpathlength20.0.patch	-1	-1	-1	false	false	false	false	false	false	false
20230816040824_seigot_main_20230816_task02_2+envelopebuffer0.8+forwardpathlength20.0.patch	-1	-1	-1	false	false	false	false	false	false	false
20230816041406_seigot_main_20230816_task02_2+envelopebuffer0.8+forwardpathlength20.0.patch	33.6083	31.9279	3.40257	false	false	true	false	false	true	false
20230816042130_seigot_main_20230816_task02_2+envelopebuffer0.8+forwardpathlength20.0.patch	-1	-1	-1	false	false	false	false	false	false	false
20230816042854_seigot_main_20230816_task02_2+envelopebuffer0.8+forwardpathlength20.0.patch	-1	-1	-1	false	false	false	false	false	false	false
20230816043630_seigot_main_20230816_task02_2+envelopebuffer0.8.patch	-1	-1	-1	false	false	false	false	false	false	false
20230816044354_seigot_main_20230816_task02_2+envelopebuffer0.8.patch	-1	-1	-1	false	false	false	false	false	false	false
20230816045118_seigot_main_20230816_task02_2+envelopebuffer0.8.patch	-1	-1	-1	false	false	false	false	false	false	false
20230816045842_seigot_main_20230816_task02_2+envelopebuffer0.8.patch	-1	-1	-1	false	false	false	false	false	false	false
20230816050425_seigot_main_20230816_task02_2+envelopebuffer0.8.patch	33.4936	31.8189	3.20022	false	false	true	false	false	true	false
20230816051148_seigot_main_20230816_task02_2+envelopebuffer0.8.patch	-1	-1	-1	false	false	false	false	false	false	false
20230816051912_seigot_main_20230816_task02_2+envelopebuffer0.8.patch	-1	-1	-1	false	false	false	false	false	false	false
20230816052508_seigot_main_20230816_task02_2+envelopebuffer1.1.patch	33.5127	31.8371	3.20034	false	false	true	false	false	true	false
20230816053232_seigot_main_20230816_task02_2+envelopebuffer1.1.patch	-1	-1	-1	false	false	false	false	false	false	false
20230816053955_seigot_main_20230816_task02_2+envelopebuffer1.1.patch	-1	-1	-1	false	false	false	false	false	false	false
20230816054719_seigot_main_20230816_task02_2+envelopebuffer1.1.patch	-1	-1	-1	false	false	false	false	false	false	false
20230816055302_seigot_main_20230816_task02_2+envelopebuffer1.1.patch	33.4581	31.7852	3.19961	false	false	true	false	false	true	false
20230816060026_seigot_main_20230816_task02_2+envelopebuffer1.1.patch	-1	-1	-1	false	false	false	false	false	false	false
20230816060749_seigot_main_20230816_task02_2+envelopebuffer1.1.patch	-1	-1	-1	false	false	false	false	false	false	false
20230816061526_seigot_main_20230816_task02_2.patch	-1	-1	-1	false	false	false	false	false	false	false
20230816062250_seigot_main_20230816_task02_2.patch	-1	-1	-1	false	false	false	false	false	false	false
20230816063013_seigot_main_20230816_task02_2.patch	-1	-1	-1	false	false	false	false	false	false	false
20230816063737_seigot_main_20230816_task02_2.patch	-1	-1	-1	false	false	false	false	false	false	false
20230816064501_seigot_main_20230816_task02_2.patch	-1	-1	-1	false	false	false	false	false	false	false
20230816065225_seigot_main_20230816_task02_2.patch	-1	-1	-1	false	false	false	false	false	false	false
20230816065949_seigot_main_20230816_task02_2.patch	-1	-1	-1	false	false	false	false	false	false	false
20230816115634_seigot_main_20230816_task02_2+envelopebuffer0.8+forwardpathlength20.0+road_sholder_safty_margin0+turnsignal1.0.patch	-1	-1	-1	false	false	false	false	false	false	false
20230816120358_seigot_main_20230816_task02_2+envelopebuffer0.8+forwardpathlength20.0+road_sholder_safty_margin0+turnsignal1.0.patch	-1	-1	-1	false	false	false	false	false	false	false
20230816121121_seigot_main_20230816_task02_2+envelopebuffer0.8+forwardpathlength20.0+road_sholder_safty_margin0+turnsignal1.0.patch	-1	-1	-1	false	false	false	false	false	false	false
20230816121845_seigot_main_20230816_task02_2+envelopebuffer0.8+forwardpathlength20.0+road_sholder_safty_margin0+turnsignal1.0.patch	-1	-1	-1	false	false	false	false	false	false	false
20230816122608_seigot_main_20230816_task02_2+envelopebuffer0.8+forwardpathlength20.0+road_sholder_safty_margin0+turnsignal1.0.patch	-1	-1	-1	false	false	false	false	false	false	false
20230816123332_seigot_main_20230816_task02_2+envelopebuffer0.8+forwardpathlength20.0+road_sholder_safty_margin0+turnsignal1.0.patch	-1	-1	-1	false	false	false	false	false	false	false
20230816124055_seigot_main_20230816_task02_2+envelopebuffer0.8+forwardpathlength20.0+road_sholder_safty_margin0+turnsignal1.0.patch	-1	-1	-1	false	false	false	false	false	false	false
20230816124832_seigot_main_20230816_rviz_object_enable.patch	-1	-1	-1	false	false	false	false	false	false	false
20230816125555_seigot_main_20230816_rviz_object_enable.patch	-1	-1	-1	false	false	false	false	false	false	false
20230816010138_seigot_main_20230816_rviz_object_enable.patch	33.5306	31.8541	3.19994	false	false	true	false	false	true	false
20230816010901_seigot_main_20230816_rviz_object_enable.patch	-1	-1	-1	false	false	false	false	false	false	false
20230816011625_seigot_main_20230816_rviz_object_enable.patch	-1	-1	-1	false	false	false	false	false	false	false
20230816012348_seigot_main_20230816_rviz_object_enable.patch	-1	-1	-1	false	false	false	false	false	false	false
20230816013112_seigot_main_20230816_rviz_object_enable.patch	-1	-1	-1	false	false	false	false	false	false	false
20230816013848_seigot_main_20230816_1300.patch	-1	-1	-1	false	false	false	false	false	false	false
20230816014611_seigot_main_20230816_1300.patch	-1	-1	-1	false	false	false	false	false	false	false
20230816015335_seigot_main_20230816_1300.patch	-1	-1	-1	false	false	false	false	false	false	false
20230816020058_seigot_main_20230816_1300.patch	-1	-1	-1	false	false	false	false	false	false	false
20230816020822_seigot_main_20230816_1300.patch	-1	-1	-1	false	false	false	false	false	false	false
20230816021545_seigot_main_20230816_1300.patch	-1	-1	-1	false	false	false	false	false	false	false
20230816022308_seigot_main_20230816_1300.patch	-1	-1	-1	false	false	false	false	false	false	false
20230816022904_seigot_main_20230816_1330_tamani-souha+v2.patch	116.444	110.622	68.2006	true	false	false	false	false	true	false
20230816023446_seigot_main_20230816_1330_tamani-souha+v2.patch	116.289	110.475	69.3999	true	false	false	false	false	true	false
20230816024210_seigot_main_20230816_1330_tamani-souha+v2.patch	-1	-1	-1	false	false	false	false	false	false	false
20230816024752_seigot_main_20230816_1330_tamani-souha+v2.patch	116.498	110.674	69.6	true	false	false	false	false	true	false
20230816025335_seigot_main_20230816_1330_tamani-souha+v2.patch	33.5266	31.8503	3.19996	false	false	true	false	false	true	false
20230816025917_seigot_main_20230816_1330_tamani-souha+v2.patch	43.3062	41.1409	13.1966	false	false	true	false	false	true	false
20230816030640_seigot_main_20230816_1330_tamani-souha+v2.patch	-1	-1	-1	false	false	false	false	false	false	false
20230816031236_seigot_main_20230816_1330_tamani-souha+v3.patch	89.0891	84.6347	54.1999	true	false	false	false	false	true	false
20230816031818_seigot_main_20230816_1330_tamani-souha+v3.patch	116.372	110.553	72.3999	true	false	false	false	false	true	false
20230816032401_seigot_main_20230816_1330_tamani-souha+v3.patch	33.6384	31.9565	3.39993	false	false	true	false	false	true	false
20230816033124_seigot_main_20230816_1330_tamani-souha+v3.patch	-1	-1	-1	false	false	false	false	false	false	false
20230816033707_seigot_main_20230816_1330_tamani-souha+v3.patch	116.35	110.533	63.7999	true	false	false	false	false	true	false
20230816034430_seigot_main_20230816_1330_tamani-souha+v3.patch	-1	-1	-1	false	false	false	false	false	false	false
20230816035154_seigot_main_20230816_1330_tamani-souha+v3.patch	-1	-1	-1	false	false	false	false	false	false	false
20230816035749_seigot_main_20230816_1330_tamani-souha+v4.patch	43.4833	41.3091	10.3999	false	false	true	false	false	true	false
20230816040332_seigot_main_20230816_1330_tamani-souha+v4.patch	116.401	110.581	65.3998	true	false	false	false	false	true	false
20230816041055_seigot_main_20230816_1330_tamani-souha+v4.patch	-1	-1	-1	false	false	false	false	false	false	false
20230816041819_seigot_main_20230816_1330_tamani-souha+v4.patch	-1	-1	-1	false	false	false	false	false	false	false
20230816042401_seigot_main_20230816_1330_tamani-souha+v4.patch	116.357	110.539	69.6005	true	false	false	false	false	true	false
20230816043125_seigot_main_20230816_1330_tamani-souha+v4.patch	-1	-1	-1	false	false	false	false	false	false	false
20230816043848_seigot_main_20230816_1330_tamani-souha+v4.patch	-1	-1	-1	false	false	false	false	false	false	false
20230816044625_seigot_main_20230816_1330_tamani-souha.patch	-1	-1	-1	false	false	false	false	false	false	false
20230816045330_seigot_main_20230816_1330_tamani-souha.patch	42.9344	40.7877	205.2	false	false	true	false	false	true	false
20230816050053_seigot_main_20230816_1330_tamani-souha.patch	-1	-1	-1	false	false	false	false	false	false	false
20230816050816_seigot_main_20230816_1330_tamani-souha.patch	-1	-1	-1	false	false	false	false	false	false	false
20230816051539_seigot_main_20230816_1330_tamani-souha.patch	-1	-1	-1	false	false	false	false	false	false	false
20230816052122_seigot_main_20230816_1330_tamani-souha.patch	116.412	110.592	65.4	true	false	false	false	false	true	false
20230816052704_seigot_main_20230816_1330_tamani-souha.patch	116.51	110.685	66.3999	true	false	false	false	false	true	false
20230816053259_seigot_main_20230816_1330_tamani-souha_v4.patch	116.379	110.56	67	true	false	false	false	false	true	false
20230816054023_seigot_main_20230816_1330_tamani-souha_v4.patch	-1	-1	-1	false	false	false	false	false	false	false
20230816054746_seigot_main_20230816_1330_tamani-souha_v4.patch	-1	-1	-1	false	false	false	false	false	false	false
20230816055329_seigot_main_20230816_1330_tamani-souha_v4.patch	116.446	110.624	67.7999	true	false	false	false	false	true	false
20230816055911_seigot_main_20230816_1330_tamani-souha_v4.patch	116.369	110.551	72.3998	true	false	false	false	false	true	false
20230816060635_seigot_main_20230816_1330_tamani-souha_v4.patch	-1	-1	-1	false	false	false	false	false	false	false
20230816061217_seigot_main_20230816_1330_tamani-souha_v4.patch	116.376	110.557	65.0043	true	false	false	false	false	true	false
20230816061953_seigot_main_20230816_task02_2+envelopebuffer0.8+forwardpathlength20.0+road_sholder_safty_margin0+turnsignal1.0+avoidancetuning+behaviorplannertuning.patch	-1	-1	-1	false	false	false	false	false	false	false
20230816062717_seigot_main_20230816_task02_2+envelopebuffer0.8+forwardpathlength20.0+road_sholder_safty_margin0+turnsignal1.0+avoidancetuning+behaviorplannertuning.patch	-1	-1	-1	false	false	false	false	false	false	false
20230816063441_seigot_main_20230816_task02_2+envelopebuffer0.8+forwardpathlength20.0+road_sholder_safty_margin0+turnsignal1.0+avoidancetuning+behaviorplannertuning.patch	-1	-1	-1	false	false	false	false	false	false	false
20230816064023_seigot_main_20230816_task02_2+envelopebuffer0.8+forwardpathlength20.0+road_sholder_safty_margin0+turnsignal1.0+avoidancetuning+behaviorplannertuning.patch	118.205	112.294	66.1999	false	false	true	false	false	true	false
20230816064746_seigot_main_20230816_task02_2+envelopebuffer0.8+forwardpathlength20.0+road_sholder_safty_margin0+turnsignal1.0+avoidancetuning+behaviorplannertuning.patch	-1	-1	-1	false	false	false	false	false	false	false
20230816065329_seigot_main_20230816_task02_2+envelopebuffer0.8+forwardpathlength20.0+road_sholder_safty_margin0+turnsignal1.0+avoidancetuning+behaviorplannertuning.patch	116.376	110.557	66.7999	true	false	false	false	false	true	false
20230816065911_seigot_main_20230816_task02_2+envelopebuffer0.8+forwardpathlength20.0+road_sholder_safty_margin0+turnsignal1.0+avoidancetuning+behaviorplannertuning.patch	43.2632	41.1	12.4001	false	false	true	false	false	true	false
20230816070507_seigot_main_20230816_1330_tamani-souha_v4_jerk150.patch	116.45	116.45	78.3999	true	false	false	false	true	true	false
20230816071230_seigot_main_20230816_1330_tamani-souha_v4_jerk150.patch	-1	-1	-1	false	false	false	false	false	false	false
20230816071953_seigot_main_20230816_1330_tamani-souha_v4_jerk150.patch	-1	-1	-1	false	false	false	false	false	false	false
20230816072717_seigot_main_20230816_1330_tamani-souha_v4_jerk150.patch	-1	-1	-1	false	false	false	false	false	false	false
20230816073440_seigot_main_20230816_1330_tamani-souha_v4_jerk150.patch	-1	-1	-1	false	false	false	false	false	false	false
20230816074203_seigot_main_20230816_1330_tamani-souha_v4_jerk150.patch	-1	-1	-1	false	false	false	false	false	false	false
20230816074927_seigot_main_20230816_1330_tamani-souha_v4_jerk150.patch	-1	-1	-1	false	false	false	false	false	false	false
20230816075703_seigot_main_20230816_1330_tamani-souha_v4_acc_jerk.patch	-1	-1	-1	false	false	false	false	false	false	false
20230816080246_seigot_main_20230816_1330_tamani-souha_v4_acc_jerk.patch	43.2953	43.2953	14	false	false	true	false	true	true	false
20230816081010_seigot_main_20230816_1330_tamani-souha_v4_acc_jerk.patch	-1	-1	-1	false	false	false	false	false	false	false
20230816081552_seigot_main_20230816_1330_tamani-souha_v4_acc_jerk.patch	43.4166	41.2457	17.9999	false	false	true	false	false	true	false
20230816082135_seigot_main_20230816_1330_tamani-souha_v4_acc_jerk.patch	116.265	110.452	70.1999	true	false	false	false	false	true	false
20230816082858_seigot_main_20230816_1330_tamani-souha_v4_acc_jerk.patch	-1	-1	-1	false	false	false	false	false	false	false
20230816083441_seigot_main_20230816_1330_tamani-souha_v4_acc_jerk.patch	116.297	110.482	68.3993	true	false	false	false	false	true	false
20230816084040_seigot_main_20230816_1330_tamani-souha_v4_acc_jerk2.patch	116.391	110.572	71.1999	true	false	false	false	false	true	false
20230816084623_seigot_main_20230816_1330_tamani-souha_v4_acc_jerk2.patch	43.4259	41.2546	15.5999	false	false	true	false	false	true	false
20230816085205_seigot_main_20230816_1330_tamani-souha_v4_acc_jerk2.patch	116.174	110.366	69.5998	true	false	false	false	false	true	false
20230816085748_seigot_main_20230816_1330_tamani-souha_v4_acc_jerk2.patch	116.401	110.581	68.1999	true	false	false	false	false	true	false
20230816090331_seigot_main_20230816_1330_tamani-souha_v4_acc_jerk2.patch	116.415	110.595	72.6005	true	false	false	false	false	true	false
20230816091054_seigot_main_20230816_1330_tamani-souha_v4_acc_jerk2.patch	-1	-1	-1	false	false	false	false	false	false	false
20230816091818_seigot_main_20230816_1330_tamani-souha_v4_acc_jerk2.patch	-1	-1	-1	false	false	false	false	false	false	false
20230816092413_seigot_main_20230816_1330_tamani-souha_v4_acc_jerk2_leftdrivablebound.patch	116.305	110.49	68.8002	true	false	false	false	false	true	false
20230816092956_seigot_main_20230816_1330_tamani-souha_v4_acc_jerk2_leftdrivablebound.patch	53.1278	50.4714	18.9998	false	false	true	false	false	true	false
20230816093539_seigot_main_20230816_1330_tamani-souha_v4_acc_jerk2_leftdrivablebound.patch	43.208	41.0476	21.9999	false	false	true	false	false	true	false
20230816094121_seigot_main_20230816_1330_tamani-souha_v4_acc_jerk2_leftdrivablebound.patch	116.386	110.567	64.4028	true	false	false	false	false	true	false
20230816094704_seigot_main_20230816_1330_tamani-souha_v4_acc_jerk2_leftdrivablebound.patch	43.1707	41.0122	17.799	false	false	true	false	false	true	false
20230816095246_seigot_main_20230816_1330_tamani-souha_v4_acc_jerk2_leftdrivablebound.patch	116.176	110.368	69.1999	true	false	false	false	false	true	false
20230816100010_seigot_main_20230816_1330_tamani-souha_v4_acc_jerk2_leftdrivablebound.patch	-1	-1	-1	false	false	false	false	false	false	false
20230816100605_seigot_main_20230816_1330_tamani-souha_v4_jerk1.patch	116.215	110.404	70.5998	true	false	false	false	false	true	false
20230816101148_seigot_main_20230816_1330_tamani-souha_v4_jerk1.patch	116.173	110.364	77.8	true	false	false	false	false	true	false
20230816101730_seigot_main_20230816_1330_tamani-souha_v4_jerk1.patch	33.5707	31.8922	3.3998	false	false	true	false	false	true	false
20230816102313_seigot_main_20230816_1330_tamani-souha_v4_jerk1.patch	75.2186	71.4577	33.7999	false	false	true	false	false	true	false
20230816102855_seigot_main_20230816_1330_tamani-souha_v4_jerk1.patch	43.4069	41.2366	12.2	false	false	true	false	false	true	false
20230816103619_seigot_main_20230816_1330_tamani-souha_v4_jerk1.patch	-1	-1	-1	false	false	false	false	false	false	false
20230816104201_seigot_main_20230816_1330_tamani-souha_v4_jerk1.patch	116.399	110.579	67.3999	true	false	false	false	false	true	false
20230816104756_seigot_main_20230816_1330_tamani-souha_v4_jerk10.patch	89.3145	84.8488	48.8047	true	false	false	false	false	true	false
20230816105339_seigot_main_20230816_1330_tamani-souha_v4_jerk10.patch	33.6376	31.9557	3.40003	false	false	true	false	false	true	false
20230816110102_seigot_main_20230816_1330_tamani-souha_v4_jerk10.patch	-1	-1	-1	false	false	false	false	false	false	false
20230816110826_seigot_main_20230816_1330_tamani-souha_v4_jerk10.patch	-1	-1	-1	false	false	false	false	false	false	false
20230816111408_seigot_main_20230816_1330_tamani-souha_v4_jerk10.patch	89.1923	84.7327	48.7999	true	false	false	false	false	true	false
20230816111951_seigot_main_20230816_1330_tamani-souha_v4_jerk10.patch	43.0358	40.884	13.7981	false	false	true	false	false	true	false
20230816112714_seigot_main_20230816_1330_tamani-souha_v4_jerk10.patch	-1	-1	-1	false	false	false	false	false	false	false
20230816113451_seigot_main_20230816_1330_tamani-souha_v4_acc_jerk2_leftdrivablebound_collisionbuffer0.11.patch	-1	-1	-1	false	false	false	false	false	false	false
20230816114033_seigot_main_20230816_1330_tamani-souha_v4_acc_jerk2_leftdrivablebound_collisionbuffer0.11.patch	116.319	110.503	69.1999	true	false	false	false	false	true	false
20230816114616_seigot_main_20230816_1330_tamani-souha_v4_acc_jerk2_leftdrivablebound_collisionbuffer0.11.patch	116.371	110.552	63.8006	true	false	false	false	false	true	false
20230816115339_seigot_main_20230816_1330_tamani-souha_v4_acc_jerk2_leftdrivablebound_collisionbuffer0.11.patch	-1	-1	-1	false	false	false	false	false	false	false
20230817120103_seigot_main_20230816_1330_tamani-souha_v4_acc_jerk2_leftdrivablebound_collisionbuffer0.11.patch	-1	-1	-1	false	false	false	false	false	false	false
20230817120645_seigot_main_20230816_1330_tamani-souha_v4_acc_jerk2_leftdrivablebound_collisionbuffer0.11.patch	33.5513	31.8738	3.19997	false	false	true	false	false	true	false
20230817121409_seigot_main_20230816_1330_tamani-souha_v4_acc_jerk2_leftdrivablebound_collisionbuffer0.11.patch	-1	-1	-1	false	false	false	false	false	false	false
20230817122145_seigot_main_20230816_1330_tamani-souha_v4_acc_jerk2_leftdrivablebound_collisionbuffer0.12.patch	-1	-1	-1	false	false	false	false	false	false	false
20230817122728_seigot_main_20230816_1330_tamani-souha_v4_acc_jerk2_leftdrivablebound_collisionbuffer0.12.patch	43.4682	41.2948	10.9985	false	false	true	false	false	true	false
20230817123310_seigot_main_20230816_1330_tamani-souha_v4_acc_jerk2_leftdrivablebound_collisionbuffer0.12.patch	33.6425	31.9604	3.39984	false	false	true	false	false	true	false
20230817123853_seigot_main_20230816_1330_tamani-souha_v4_acc_jerk2_leftdrivablebound_collisionbuffer0.12.patch	42.8436	40.7014	20.3971	false	false	true	false	false	true	false
20230817124435_seigot_main_20230816_1330_tamani-souha_v4_acc_jerk2_leftdrivablebound_collisionbuffer0.12.patch	33.4762	31.8024	3.1998	false	false	true	false	false	true	false
20230817125018_seigot_main_20230816_1330_tamani-souha_v4_acc_jerk2_leftdrivablebound_collisionbuffer0.12.patch	116.331	110.515	66.5999	true	false	false	false	false	true	false
20230817125600_seigot_main_20230816_1330_tamani-souha_v4_acc_jerk2_leftdrivablebound_collisionbuffer0.12.patch	116.216	110.405	70.998	true	false	false	false	false	true	false
20230817010156_seigot_main_20230816_1330_tamani-souha_v4_acc_jerk2_leftdrivablebound_collisionbuffer0.13.patch	33.5117	31.8361	3.19951	false	false	true	false	false	true	false
20230817010739_seigot_main_20230816_1330_tamani-souha_v4_acc_jerk2_leftdrivablebound_collisionbuffer0.13.patch	116.398	110.578	67.3984	true	false	false	false	false	true	false
20230817011321_seigot_main_20230816_1330_tamani-souha_v4_acc_jerk2_leftdrivablebound_collisionbuffer0.13.patch	116.375	110.557	68.6	true	false	false	false	false	true	false
20230817011904_seigot_main_20230816_1330_tamani-souha_v4_acc_jerk2_leftdrivablebound_collisionbuffer0.13.patch	116.395	110.575	66.7999	true	false	false	false	false	true	false
20230817012446_seigot_main_20230816_1330_tamani-souha_v4_acc_jerk2_leftdrivablebound_collisionbuffer0.13.patch	53.2966	50.6317	21.5994	false	false	true	false	false	true	false
20230817013210_seigot_main_20230816_1330_tamani-souha_v4_acc_jerk2_leftdrivablebound_collisionbuffer0.13.patch	-1	-1	-1	false	false	false	false	false	false	false
20230817013753_seigot_main_20230816_1330_tamani-souha_v4_acc_jerk2_leftdrivablebound_collisionbuffer0.13.patch	42.9523	40.8047	12.5999	false	false	true	false	false	true	false
20230817014348_seigot_main_20230816_1330_tamani-souha_v4_acc_jerk2_leftdrivablebound_collisionbuffer0.14.patch	43.3242	41.158	11.7999	false	false	true	false	false	true	false
20230817015111_seigot_main_20230816_1330_tamani-souha_v4_acc_jerk2_leftdrivablebound_collisionbuffer0.14.patch	-1	-1	-1	false	false	false	false	false	false	false
20230817015654_seigot_main_20230816_1330_tamani-souha_v4_acc_jerk2_leftdrivablebound_collisionbuffer0.14.patch	116.418	110.597	71.1955	true	false	false	false	false	true	false
20230817020236_seigot_main_20230816_1330_tamani-souha_v4_acc_jerk2_leftdrivablebound_collisionbuffer0.14.patch	116.525	110.699	67.207	true	false	false	false	false	true	false
20230817020819_seigot_main_20230816_1330_tamani-souha_v4_acc_jerk2_leftdrivablebound_collisionbuffer0.14.patch	42.9869	40.8375	16.3997	false	false	true	false	false	true	false
20230817021543_seigot_main_20230816_1330_tamani-souha_v4_acc_jerk2_leftdrivablebound_collisionbuffer0.14.patch	-1	-1	-1	false	false	false	false	false	false	false
20230817022125_seigot_main_20230816_1330_tamani-souha_v4_acc_jerk2_leftdrivablebound_collisionbuffer0.14.patch	116.274	110.46	63.6105	true	false	false	false	false	true	false
20230817022901_seigot_main_20230816_1330_tamani-souha_v4_acc_jerk2_leftdrivablebound_collisionbuffer0.15.patch	-1	-1	-1	false	false	false	false	false	false	false
20230817023625_seigot_main_20230816_1330_tamani-souha_v4_acc_jerk2_leftdrivablebound_collisionbuffer0.15.patch	-1	-1	-1	false	false	false	false	false	false	false
20230817024349_seigot_main_20230816_1330_tamani-souha_v4_acc_jerk2_leftdrivablebound_collisionbuffer0.15.patch	-1	-1	-1	false	false	false	false	false	false	false
20230817024931_seigot_main_20230816_1330_tamani-souha_v4_acc_jerk2_leftdrivablebound_collisionbuffer0.15.patch	43.0248	40.8736	13.6	false	false	true	false	false	true	false
20230817025514_seigot_main_20230816_1330_tamani-souha_v4_acc_jerk2_leftdrivablebound_collisionbuffer0.15.patch	43.1024	40.9473	13.399	false	false	true	false	false	true	false
20230817030237_seigot_main_20230816_1330_tamani-souha_v4_acc_jerk2_leftdrivablebound_collisionbuffer0.15.patch	-1	-1	-1	false	false	false	false	false	false	false
20230817030820_seigot_main_20230816_1330_tamani-souha_v4_acc_jerk2_leftdrivablebound_collisionbuffer0.15.patch	116.202	110.392	73.9999	true	false	false	false	false	true	false
20230817031415_seigot_main_20230816_1330_tamani-souha_v4_acc_jerk2_leftdrivablebound_collisionbuffer0.16.patch	116.311	110.495	69.6006	true	false	false	false	false	true	false
20230817031958_seigot_main_20230816_1330_tamani-souha_v4_acc_jerk2_leftdrivablebound_collisionbuffer0.16.patch	116.572	110.743	68.4002	true	false	false	false	false	true	false
20230817032722_seigot_main_20230816_1330_tamani-souha_v4_acc_jerk2_leftdrivablebound_collisionbuffer0.16.patch	-1	-1	-1	false	false	false	false	false	false	false
20230817033304_seigot_main_20230816_1330_tamani-souha_v4_acc_jerk2_leftdrivablebound_collisionbuffer0.16.patch	116.294	110.479	63.7989	true	false	false	false	false	true	false
20230817033847_seigot_main_20230816_1330_tamani-souha_v4_acc_jerk2_leftdrivablebound_collisionbuffer0.16.patch	116.29	110.475	67.2	true	false	false	false	false	true	false
20230817034430_seigot_main_20230816_1330_tamani-souha_v4_acc_jerk2_leftdrivablebound_collisionbuffer0.16.patch	116.453	110.63	70.2008	true	false	false	false	false	true	false
20230817035012_seigot_main_20230816_1330_tamani-souha_v4_acc_jerk2_leftdrivablebound_collisionbuffer0.16.patch	88.9858	84.5365	46.7995	true	false	false	false	false	true	false
20230817035749_seigot_main_20230816_1330_tamani-souha_v4_acc_jerk2_leftdrivablebound_collisionbuffer0.17.patch	-1	-1	-1	false	false	false	false	false	false	false
20230817040513_seigot_main_20230816_1330_tamani-souha_v4_acc_jerk2_leftdrivablebound_collisionbuffer0.17.patch	-1	-1	-1	false	false	false	false	false	false	false
20230817041055_seigot_main_20230816_1330_tamani-souha_v4_acc_jerk2_leftdrivablebound_collisionbuffer0.17.patch	53.3833	50.7142	20.3999	false	false	true	false	false	true	false
20230817041638_seigot_main_20230816_1330_tamani-souha_v4_acc_jerk2_leftdrivablebound_collisionbuffer0.17.patch	53.353	50.6853	22.1999	false	false	true	false	false	true	false
20230817042401_seigot_main_20230816_1330_tamani-souha_v4_acc_jerk2_leftdrivablebound_collisionbuffer0.17.patch	-1	-1	-1	false	false	false	false	false	false	false
20230817042944_seigot_main_20230816_1330_tamani-souha_v4_acc_jerk2_leftdrivablebound_collisionbuffer0.17.patch	116.376	110.558	67.3988	true	false	false	false	false	true	false
20230817043527_seigot_main_20230816_1330_tamani-souha_v4_acc_jerk2_leftdrivablebound_collisionbuffer0.17.patch	116.174	110.365	68.7999	true	false	false	false	false	true	false
20230817044303_seigot_main_20230816_1330_tamani-souha_v4_acc_jerk2_leftdrivablebound_collisionbuffer0.18.patch	-1	-1	-1	false	false	false	false	false	false	false
20230817044846_seigot_main_20230816_1330_tamani-souha_v4_acc_jerk2_leftdrivablebound_collisionbuffer0.18.patch	89.1158	84.66	45.5998	true	false	false	false	false	true	false
20230817045610_seigot_main_20230816_1330_tamani-souha_v4_acc_jerk2_leftdrivablebound_collisionbuffer0.18.patch	-1	-1	-1	false	false	false	false	false	false	false
20230817050152_seigot_main_20230816_1330_tamani-souha_v4_acc_jerk2_leftdrivablebound_collisionbuffer0.18.patch	116.262	110.449	71.7999	true	false	false	false	false	true	false
20230817050735_seigot_main_20230816_1330_tamani-souha_v4_acc_jerk2_leftdrivablebound_collisionbuffer0.18.patch	116.151	110.344	74.9987	true	false	false	false	false	true	false
20230817051459_seigot_main_20230816_1330_tamani-souha_v4_acc_jerk2_leftdrivablebound_collisionbuffer0.18.patch	-1	-1	-1	false	false	false	false	false	false	false
20230817052041_seigot_main_20230816_1330_tamani-souha_v4_acc_jerk2_leftdrivablebound_collisionbuffer0.18.patch	33.659	31.976	3.39989	false	false	true	false	false	true	false
20230817052818_seigot_main_20230816_1330_tamani-souha_v4_acc_jerk2_leftdrivablebound_collisionbuffer0.19.patch	-1	-1	-1	false	false	false	false	false	false	false
20230817053400_seigot_main_20230816_1330_tamani-souha_v4_acc_jerk2_leftdrivablebound_collisionbuffer0.19.patch	33.592	31.9124	3.20437	false	false	true	false	false	true	false
20230817054124_seigot_main_20230816_1330_tamani-souha_v4_acc_jerk2_leftdrivablebound_collisionbuffer0.19.patch	-1	-1	-1	false	false	false	false	false	false	false
20230817054847_seigot_main_20230816_1330_tamani-souha_v4_acc_jerk2_leftdrivablebound_collisionbuffer0.19.patch	-1	-1	-1	false	false	false	false	false	false	false
20230817055611_seigot_main_20230816_1330_tamani-souha_v4_acc_jerk2_leftdrivablebound_collisionbuffer0.19.patch	-1	-1	-1	false	false	false	false	false	false	false
20230817060154_seigot_main_20230816_1330_tamani-souha_v4_acc_jerk2_leftdrivablebound_collisionbuffer0.19.patch	116.26	110.447	67.7999	true	false	false	false	false	true	false
20230817060736_seigot_main_20230816_1330_tamani-souha_v4_acc_jerk2_leftdrivablebound_collisionbuffer0.19.patch	43.1381	40.9812	13.6	false	false	true	false	false	true	false
20230817061332_seigot_main_20230816_1330_tamani-souha_v4_acc_jerk2_leftdrivablebound_collisionbuffer0.1_2300.patch	117.682	111.798	66.0018	true	false	false	false	false	true	false
20230817061914_seigot_main_20230816_1330_tamani-souha_v4_acc_jerk2_leftdrivablebound_collisionbuffer0.1_2300.patch	117.098	111.243	70.7999	true	false	false	false	false	true	false
20230817062638_seigot_main_20230816_1330_tamani-souha_v4_acc_jerk2_leftdrivablebound_collisionbuffer0.1_2300.patch	-1	-1	-1	false	false	false	false	false	false	false
20230817063220_seigot_main_20230816_1330_tamani-souha_v4_acc_jerk2_leftdrivablebound_collisionbuffer0.1_2300.patch	117.219	111.358	71.6002	true	false	false	false	false	true	false
20230817063803_seigot_main_20230816_1330_tamani-souha_v4_acc_jerk2_leftdrivablebound_collisionbuffer0.1_2300.patch	117.046	111.194	79.6004	true	false	false	false	false	true	false
20230817064346_seigot_main_20230816_1330_tamani-souha_v4_acc_jerk2_leftdrivablebound_collisionbuffer0.1_2300.patch	116.952	111.105	66.6006	true	false	false	false	false	true	false
20230817065109_seigot_main_20230816_1330_tamani-souha_v4_acc_jerk2_leftdrivablebound_collisionbuffer0.1_2300.patch	-1	-1	-1	false	false	false	false	false	false	false
20230817065710_seigot_main_20230816_1330_tamani-souha_v4_acc_jerk2_leftdrivablebound_collisionbuffer0.1_curveparamv1.patch	116.669	110.835	71.1999	true	false	false	false	false	true	false
20230817070433_seigot_main_20230816_1330_tamani-souha_v4_acc_jerk2_leftdrivablebound_collisionbuffer0.1_curveparamv1.patch	-1	-1	-1	false	false	false	false	false	false	false
20230817071157_seigot_main_20230816_1330_tamani-souha_v4_acc_jerk2_leftdrivablebound_collisionbuffer0.1_curveparamv1.patch	-1	-1	-1	false	false	false	false	false	false	false
20230817071921_seigot_main_20230816_1330_tamani-souha_v4_acc_jerk2_leftdrivablebound_collisionbuffer0.1_curveparamv1.patch	-1	-1	-1	false	false	false	false	false	false	false
20230817072645_seigot_main_20230816_1330_tamani-souha_v4_acc_jerk2_leftdrivablebound_collisionbuffer0.1_curveparamv1.patch	-1	-1	-1	false	false	false	false	false	false	false
20230817073408_seigot_main_20230816_1330_tamani-souha_v4_acc_jerk2_leftdrivablebound_collisionbuffer0.1_curveparamv1.patch	-1	-1	-1	false	false	false	false	false	false	false
20230817074132_seigot_main_20230816_1330_tamani-souha_v4_acc_jerk2_leftdrivablebound_collisionbuffer0.1_curveparamv1.patch	-1	-1	-1	false	false	false	false	false	false	false
20230817074727_seigot_main_20230816_1330_tamani-souha_v4_acc_jerk2_leftdrivablebound_collisionbuffer0.1_jerkfilter0.patch	1.50293	0	0	false	false	false	true	false	true	false
20230817075310_seigot_main_20230816_1330_tamani-souha_v4_acc_jerk2_leftdrivablebound_collisionbuffer0.1_jerkfilter0.patch	1.4411	0	0	false	false	false	true	false	true	false
20230817075852_seigot_main_20230816_1330_tamani-souha_v4_acc_jerk2_leftdrivablebound_collisionbuffer0.1_jerkfilter0.patch	1.83748	0	0	false	false	false	true	false	true	false
20230817080435_seigot_main_20230816_1330_tamani-souha_v4_acc_jerk2_leftdrivablebound_collisionbuffer0.1_jerkfilter0.patch	1.47718	0	0	false	false	false	true	false	true	false
20230817081017_seigot_main_20230816_1330_tamani-souha_v4_acc_jerk2_leftdrivablebound_collisionbuffer0.1_jerkfilter0.patch	1.61495	0	0	false	false	false	true	false	true	false
20230817081600_seigot_main_20230816_1330_tamani-souha_v4_acc_jerk2_leftdrivablebound_collisionbuffer0.1_jerkfilter0.patch	1.47882	0	0	false	false	false	true	false	true	false
20230817082143_seigot_main_20230816_1330_tamani-souha_v4_acc_jerk2_leftdrivablebound_collisionbuffer0.1_jerkfilter0.patch	1.49958	0	0	false	false	false	true	false	true	false
20230817082738_seigot_main_20230816_1330_tamani-souha_v4_acc_jerk2_leftdrivablebound_collisionbuffer0.1_jerkfilterv1.patch	117.446	111.573	78.1999	true	false	false	false	false	true	false
20230817083320_seigot_main_20230816_1330_tamani-souha_v4_acc_jerk2_leftdrivablebound_collisionbuffer0.1_jerkfilterv1.patch	116.766	110.928	71.7999	true	false	false	false	false	true	false
20230817084044_seigot_main_20230816_1330_tamani-souha_v4_acc_jerk2_leftdrivablebound_collisionbuffer0.1_jerkfilterv1.patch	-1	-1	-1	false	false	false	false	false	false	false
20230817084808_seigot_main_20230816_1330_tamani-souha_v4_acc_jerk2_leftdrivablebound_collisionbuffer0.1_jerkfilterv1.patch	-1	-1	-1	false	false	false	false	false	false	false
20230817085532_seigot_main_20230816_1330_tamani-souha_v4_acc_jerk2_leftdrivablebound_collisionbuffer0.1_jerkfilterv1.patch	-1	-1	-1	false	false	false	false	false	false	false
20230817090256_seigot_main_20230816_1330_tamani-souha_v4_acc_jerk2_leftdrivablebound_collisionbuffer0.1_jerkfilterv1.patch	-1	-1	-1	false	false	false	false	false	false	false
20230817091019_seigot_main_20230816_1330_tamani-souha_v4_acc_jerk2_leftdrivablebound_collisionbuffer0.1_jerkfilterv1.patch	-1	-1	-1	false	false	false	false	false	false	false
20230817091614_seigot_main_20230816_1330_tamani-souha_v4_acc_jerk2_leftdrivablebound_collisionbuffer0.1_motionvelocitysmootherparamv1.patch	117.939	112.042	65.9977	true	false	true	false	false	true	false
20230817092157_seigot_main_20230816_1330_tamani-souha_v4_acc_jerk2_leftdrivablebound_collisionbuffer0.1_motionvelocitysmootherparamv1.patch	116.971	111.123	67.9999	true	false	false	false	false	true	false
20230817092740_seigot_main_20230816_1330_tamani-souha_v4_acc_jerk2_leftdrivablebound_collisionbuffer0.1_motionvelocitysmootherparamv1.patch	117.124	111.268	67.6	true	false	false	false	false	true	false
20230817093322_seigot_main_20230816_1330_tamani-souha_v4_acc_jerk2_leftdrivablebound_collisionbuffer0.1_motionvelocitysmootherparamv1.patch	75.1989	71.4389	40.1996	false	false	true	false	false	true	false
20230817093905_seigot_main_20230816_1330_tamani-souha_v4_acc_jerk2_leftdrivablebound_collisionbuffer0.1_motionvelocitysmootherparamv1.patch	117.672	111.788	72.5999	true	false	false	false	false	true	false
20230817094448_seigot_main_20230816_1330_tamani-souha_v4_acc_jerk2_leftdrivablebound_collisionbuffer0.1_motionvelocitysmootherparamv1.patch	117.439	111.567	69.3999	true	false	false	false	false	true	false
20230817095211_seigot_main_20230816_1330_tamani-souha_v4_acc_jerk2_leftdrivablebound_collisionbuffer0.1_motionvelocitysmootherparamv1.patch	-1	-1	-1	false	false	false	false	false	false	false
20230817095948_seigot_main_20230816_1330_tamani-souha_v4_acc_jerk2_leftdrivablebound_collisionbuffer0.1_motionvelocitysmootherparamv2.patch	-1	-1	-1	false	false	false	false	false	false	false
20230817100531_seigot_main_20230816_1330_tamani-souha_v4_acc_jerk2_leftdrivablebound_collisionbuffer0.1_motionvelocitysmootherparamv2.patch	116.845	111.003	70.1999	true	false	false	false	false	true	false
20230817101113_seigot_main_20230816_1330_tamani-souha_v4_acc_jerk2_leftdrivablebound_collisionbuffer0.1_motionvelocitysmootherparamv2.patch	116.897	111.052	71.5997	true	false	false	false	false	true	false
20230817101656_seigot_main_20230816_1330_tamani-souha_v4_acc_jerk2_leftdrivablebound_collisionbuffer0.1_motionvelocitysmootherparamv2.patch	53.392	50.7224	22.9999	false	false	true	false	false	true	false
20230817102238_seigot_main_20230816_1330_tamani-souha_v4_acc_jerk2_leftdrivablebound_collisionbuffer0.1_motionvelocitysmootherparamv2.patch	117.629	111.748	69.2008	true	false	false	false	false	true	false
20230817103002_seigot_main_20230816_1330_tamani-souha_v4_acc_jerk2_leftdrivablebound_collisionbuffer0.1_motionvelocitysmootherparamv2.patch	-1	-1	-1	false	false	false	false	false	false	false
20230817103726_seigot_main_20230816_1330_tamani-souha_v4_acc_jerk2_leftdrivablebound_collisionbuffer0.1_motionvelocitysmootherparamv2.patch	-1	-1	-1	false	false	false	false	false	false	false
20230817104503_seigot_main_20230816_1330_tamani-souha_v4_acc_jerk2_leftdrivablebound_collisionbuffer0.1_motionvelocitysmootherparamv2_jerkfilterv1.patch	-1	-1	-1	false	false	false	false	false	false	false
20230817105226_seigot_main_20230816_1330_tamani-souha_v4_acc_jerk2_leftdrivablebound_collisionbuffer0.1_motionvelocitysmootherparamv2_jerkfilterv1.patch	-1	-1	-1	false	false	false	false	false	false	false
20230817105950_seigot_main_20230816_1330_tamani-souha_v4_acc_jerk2_leftdrivablebound_collisionbuffer0.1_motionvelocitysmootherparamv2_jerkfilterv1.patch	-1	-1	-1	false	false	false	false	false	false	false
20230817110533_seigot_main_20230816_1330_tamani-souha_v4_acc_jerk2_leftdrivablebound_collisionbuffer0.1_motionvelocitysmootherparamv2_jerkfilterv1.patch	117.548	111.67	68.9986	true	false	false	false	false	true	false
20230817111256_seigot_main_20230816_1330_tamani-souha_v4_acc_jerk2_leftdrivablebound_collisionbuffer0.1_motionvelocitysmootherparamv2_jerkfilterv1.patch	-1	-1	-1	false	false	false	false	false	false	false
20230817112020_seigot_main_20230816_1330_tamani-souha_v4_acc_jerk2_leftdrivablebound_collisionbuffer0.1_motionvelocitysmootherparamv2_jerkfilterv1.patch	-1	-1	-1	false	false	false	false	false	false	false
20230817112603_seigot_main_20230816_1330_tamani-souha_v4_acc_jerk2_leftdrivablebound_collisionbuffer0.1_motionvelocitysmootherparamv2_jerkfilterv1.patch	116.994	111.144	68.0031	true	false	false	false	false	true	false
20230817113340_seigot_main_20230816_1330_tamani-souha_v4_acc_jerk2_leftdrivablebound_collisionbuffer0.1_motionvelocitysmootherv1.patch	-1	-1	-1	false	false	false	false	false	false	false
20230817114103_seigot_main_20230816_1330_tamani-souha_v4_acc_jerk2_leftdrivablebound_collisionbuffer0.1_motionvelocitysmootherv1.patch	-1	-1	-1	false	false	false	false	false	false	false
20230817114827_seigot_main_20230816_1330_tamani-souha_v4_acc_jerk2_leftdrivablebound_collisionbuffer0.1_motionvelocitysmootherv1.patch	-1	-1	-1	false	false	false	false	false	false	false
20230817115551_seigot_main_20230816_1330_tamani-souha_v4_acc_jerk2_leftdrivablebound_collisionbuffer0.1_motionvelocitysmootherv1.patch	-1	-1	-1	false	false	false	false	false	false	false
20230817120315_seigot_main_20230816_1330_tamani-souha_v4_acc_jerk2_leftdrivablebound_collisionbuffer0.1_motionvelocitysmootherv1.patch	-1	-1	-1	false	false	false	false	false	false	false
20230817121039_seigot_main_20230816_1330_tamani-souha_v4_acc_jerk2_leftdrivablebound_collisionbuffer0.1_motionvelocitysmootherv1.patch	-1	-1	-1	false	false	false	false	false	false	false
20230817121803_seigot_main_20230816_1330_tamani-souha_v4_acc_jerk2_leftdrivablebound_collisionbuffer0.1_motionvelocitysmootherv1.patch	-1	-1	-1	false	false	false	false	false	false	false
20230817122358_seigot_main_20230816_1330_tamani-souha_v4_acc_jerk2_leftdrivablebound_collisionbuffer0.1_motionvelocitysmootherv2.patch	117.116	111.26	68.5995	true	false	false	false	false	true	false
20230817123122_seigot_main_20230816_1330_tamani-souha_v4_acc_jerk2_leftdrivablebound_collisionbuffer0.1_motionvelocitysmootherv2.patch	-1	-1	-1	false	false	false	false	false	false	false
20230817123845_seigot_main_20230816_1330_tamani-souha_v4_acc_jerk2_leftdrivablebound_collisionbuffer0.1_motionvelocitysmootherv2.patch	-1	-1	-1	false	false	false	false	false	false	false
20230817124609_seigot_main_20230816_1330_tamani-souha_v4_acc_jerk2_leftdrivablebound_collisionbuffer0.1_motionvelocitysmootherv2.patch	-1	-1	-1	false	false	false	false	false	false	false
20230817125333_seigot_main_20230816_1330_tamani-souha_v4_acc_jerk2_leftdrivablebound_collisionbuffer0.1_motionvelocitysmootherv2.patch	-1	-1	-1	false	false	false	false	false	false	false
20230817125915_seigot_main_20230816_1330_tamani-souha_v4_acc_jerk2_leftdrivablebound_collisionbuffer0.1_motionvelocitysmootherv2.patch	117.568	111.689	67.1998	true	false	false	false	false	true	false
20230817010458_seigot_main_20230816_1330_tamani-souha_v4_acc_jerk2_leftdrivablebound_collisionbuffer0.1_motionvelocitysmootherv2.patch	117.587	111.707	72.5999	true	false	false	false	false	true	false
20230817011235_seigot_main_20230816_1330_tamani-souha_v4_acc_jerk2_leftdrivablebound_collisionbuffer0.1_motionvelocitysmootherv3.patch	-1	-1	-1	false	false	false	false	false	false	false
20230817011817_seigot_main_20230816_1330_tamani-souha_v4_acc_jerk2_leftdrivablebound_collisionbuffer0.1_motionvelocitysmootherv3.patch	117.138	111.281	69.8006	true	false	false	false	false	true	false
20230817012400_seigot_main_20230816_1330_tamani-souha_v4_acc_jerk2_leftdrivablebound_collisionbuffer0.1_motionvelocitysmootherv3.patch	117.172	111.313	96.3999	true	false	false	false	false	true	false
20230817013124_seigot_main_20230816_1330_tamani-souha_v4_acc_jerk2_leftdrivablebound_collisionbuffer0.1_motionvelocitysmootherv3.patch	-1	-1	-1	false	false	false	false	false	false	false
20230817013707_seigot_main_20230816_1330_tamani-souha_v4_acc_jerk2_leftdrivablebound_collisionbuffer0.1_motionvelocitysmootherv3.patch	116.941	111.094	70.9992	true	false	false	false	false	true	false
20230817014430_seigot_main_20230816_1330_tamani-souha_v4_acc_jerk2_leftdrivablebound_collisionbuffer0.1_motionvelocitysmootherv3.patch	-1	-1	-1	false	false	false	false	false	false	false
20230817015154_seigot_main_20230816_1330_tamani-souha_v4_acc_jerk2_leftdrivablebound_collisionbuffer0.1_motionvelocitysmootherv3.patch	-1	-1	-1	false	false	false	false	false	false	false
20230817015750_seigot_main_20230816_1330_tamani-souha_v4_acc_jerk2_leftdrivablebound_collisionbuffer0.1_motionvelocitysmootherv4.patch	117.159	111.301	67.5974	true	false	false	false	false	true	false
20230817020333_seigot_main_20230816_1330_tamani-souha_v4_acc_jerk2_leftdrivablebound_collisionbuffer0.1_motionvelocitysmootherv4.patch	117.179	111.32	73.1995	true	false	false	false	false	true	false
20230817021056_seigot_main_20230816_1330_tamani-souha_v4_acc_jerk2_leftdrivablebound_collisionbuffer0.1_motionvelocitysmootherv4.patch	-1	-1	-1	false	false	false	false	false	false	false
20230817021639_seigot_main_20230816_1330_tamani-souha_v4_acc_jerk2_leftdrivablebound_collisionbuffer0.1_motionvelocitysmootherv4.patch	116.899	111.054	68.7993	true	false	false	false	false	true	false
20230817022403_seigot_main_20230816_1330_tamani-souha_v4_acc_jerk2_leftdrivablebound_collisionbuffer0.1_motionvelocitysmootherv4.patch	-1	-1	-1	false	false	false	false	false	false	false
20230817023127_seigot_main_20230816_1330_tamani-souha_v4_acc_jerk2_leftdrivablebound_collisionbuffer0.1_motionvelocitysmootherv4.patch	-1	-1	-1	false	false	false	false	false	false	false
20230817023850_seigot_main_20230816_1330_tamani-souha_v4_acc_jerk2_leftdrivablebound_collisionbuffer0.1_motionvelocitysmootherv4.patch	-1	-1	-1	false	false	false	false	false	false	false
20230817024446_seigot_main_20230816_1330_tamani-souha_v4_acc_jerk2_leftdrivablebound_collisionbuffer0.1_motionvelocitysmootherv5.patch	116.846	111.004	64.1998	true	false	false	false	false	true	false
20230817025029_seigot_main_20230816_1330_tamani-souha_v4_acc_jerk2_leftdrivablebound_collisionbuffer0.1_motionvelocitysmootherv5.patch	117.222	111.361	74.8014	true	false	false	false	false	true	false
20230817025753_seigot_main_20230816_1330_tamani-souha_v4_acc_jerk2_leftdrivablebound_collisionbuffer0.1_motionvelocitysmootherv5.patch	-1	-1	-1	false	false	false	false	false	false	false
20230817030335_seigot_main_20230816_1330_tamani-souha_v4_acc_jerk2_leftdrivablebound_collisionbuffer0.1_motionvelocitysmootherv5.patch	117.046	111.194	68.9999	true	false	false	false	false	true	false
20230817030918_seigot_main_20230816_1330_tamani-souha_v4_acc_jerk2_leftdrivablebound_collisionbuffer0.1_motionvelocitysmootherv5.patch	117.021	111.17	70.5956	true	false	false	false	false	true	false
20230817031501_seigot_main_20230816_1330_tamani-souha_v4_acc_jerk2_leftdrivablebound_collisionbuffer0.1_motionvelocitysmootherv5.patch	75.7812	71.9921	44.3996	false	false	true	false	false	true	false
20230817032044_seigot_main_20230816_1330_tamani-souha_v4_acc_jerk2_leftdrivablebound_collisionbuffer0.1_motionvelocitysmootherv5.patch	116.975	111.126	64.5997	true	false	false	false	false	true	false
20230817032820_seigot_main_20230816_1330_tamani-souha_v4_acc_jerk2_leftdrivablebound_collisionbuffer0.1_motionvelocitysmootherv6.patch	-1	-1	-1	false	false	false	false	false	false	false
20230817033544_seigot_main_20230816_1330_tamani-souha_v4_acc_jerk2_leftdrivablebound_collisionbuffer0.1_motionvelocitysmootherv6.patch	-1	-1	-1	false	false	false	false	false	false	false
20230817034308_seigot_main_20230816_1330_tamani-souha_v4_acc_jerk2_leftdrivablebound_collisionbuffer0.1_motionvelocitysmootherv6.patch	-1	-1	-1	false	false	false	false	false	false	false
20230817035032_seigot_main_20230816_1330_tamani-souha_v4_acc_jerk2_leftdrivablebound_collisionbuffer0.1_motionvelocitysmootherv6.patch	-1	-1	-1	false	false	false	false	false	false	false
20230817035615_seigot_main_20230816_1330_tamani-souha_v4_acc_jerk2_leftdrivablebound_collisionbuffer0.1_motionvelocitysmootherv6.patch	116.809	110.968	70.7998	true	false	false	false	false	true	false
20230817040157_seigot_main_20230816_1330_tamani-souha_v4_acc_jerk2_leftdrivablebound_collisionbuffer0.1_motionvelocitysmootherv6.patch	116.891	111.047	70.5968	true	false	false	false	false	true	false
20230817040921_seigot_main_20230816_1330_tamani-souha_v4_acc_jerk2_leftdrivablebound_collisionbuffer0.1_motionvelocitysmootherv6.patch	-1	-1	-1	false	false	false	false	false	false	false
20230817041658_seigot_main_20230816_1330_tamani-souha_v4_acc_jerk2_leftdrivablebound_collisionbuffer0.1_motionvelocitysmootherv7.patch	-1	-1	-1	false	false	false	false	false	false	false
20230817042240_seigot_main_20230816_1330_tamani-souha_v4_acc_jerk2_leftdrivablebound_collisionbuffer0.1_motionvelocitysmootherv7.patch	117.848	111.955	67.9998	true	false	true	false	false	true	false
20230817043004_seigot_main_20230816_1330_tamani-souha_v4_acc_jerk2_leftdrivablebound_collisionbuffer0.1_motionvelocitysmootherv7.patch	-1	-1	-1	false	false	false	false	false	false	false
20230817043727_seigot_main_20230816_1330_tamani-souha_v4_acc_jerk2_leftdrivablebound_collisionbuffer0.1_motionvelocitysmootherv7.patch	-1	-1	-1	false	false	false	false	false	false	false
20230817044310_seigot_main_20230816_1330_tamani-souha_v4_acc_jerk2_leftdrivablebound_collisionbuffer0.1_motionvelocitysmootherv7.patch	53.1187	50.4628	23.2	false	false	true	false	false	true	false
20230817045034_seigot_main_20230816_1330_tamani-souha_v4_acc_jerk2_leftdrivablebound_collisionbuffer0.1_motionvelocitysmootherv7.patch	-1	-1	-1	false	false	false	false	false	false	false
20230817045758_seigot_main_20230816_1330_tamani-souha_v4_acc_jerk2_leftdrivablebound_collisionbuffer0.1_motionvelocitysmootherv7.patch	-1	-1	-1	false	false	false	false	false	false	false
20230817050534_seigot_main_20230816_1330_tamani-souha_v4_acc_jerk2_leftdrivablebound_collisionbuffer0.1_motionvelocitysmootherv8.patch	-1	-1	-1	false	false	false	false	false	false	false
20230817051258_seigot_main_20230816_1330_tamani-souha_v4_acc_jerk2_leftdrivablebound_collisionbuffer0.1_motionvelocitysmootherv8.patch	-1	-1	-1	false	false	false	false	false	false	false
20230817052022_seigot_main_20230816_1330_tamani-souha_v4_acc_jerk2_leftdrivablebound_collisionbuffer0.1_motionvelocitysmootherv8.patch	-1	-1	-1	false	false	false	false	false	false	false
20230817052604_seigot_main_20230816_1330_tamani-souha_v4_acc_jerk2_leftdrivablebound_collisionbuffer0.1_motionvelocitysmootherv8.patch	117.601	111.721	67.7999	true	false	false	false	false	true	false
20230817053147_seigot_main_20230816_1330_tamani-souha_v4_acc_jerk2_leftdrivablebound_collisionbuffer0.1_motionvelocitysmootherv8.patch	116.859	111.016	71.8	true	false	false	false	false	true	false
20230817053730_seigot_main_20230816_1330_tamani-souha_v4_acc_jerk2_leftdrivablebound_collisionbuffer0.1_motionvelocitysmootherv8.patch	116.992	111.142	69.6	true	false	false	false	false	true	false
20230817054454_seigot_main_20230816_1330_tamani-souha_v4_acc_jerk2_leftdrivablebound_collisionbuffer0.1_motionvelocitysmootherv8.patch	-1	-1	-1	false	false	false	false	false	false	false
20230817055230_seigot_main_20230816_1330_tamani-souha_v4_acc_jerk2_leftdrivablebound_collisionbuffer0.1_speedtuingv1_steeringangle40_drivablearea-0.5_1minwait.patch	-1	-1	-1	false	false	false	false	false	false	false
20230817055954_seigot_main_20230816_1330_tamani-souha_v4_acc_jerk2_leftdrivablebound_collisionbuffer0.1_speedtuingv1_steeringangle40_drivablearea-0.5_1minwait.patch	-1	-1	-1	false	false	false	false	false	false	false
20230817060718_seigot_main_20230816_1330_tamani-souha_v4_acc_jerk2_leftdrivablebound_collisionbuffer0.1_speedtuingv1_steeringangle40_drivablearea-0.5_1minwait.patch	-1	-1	-1	false	false	false	false	false	false	false
20230817061441_seigot_main_20230816_1330_tamani-souha_v4_acc_jerk2_leftdrivablebound_collisionbuffer0.1_speedtuingv1_steeringangle40_drivablearea-0.5_1minwait.patch	-1	-1	-1	false	false	false	false	false	false	false
20230817062024_seigot_main_20230816_1330_tamani-souha_v4_acc_jerk2_leftdrivablebound_collisionbuffer0.1_speedtuingv1_steeringangle40_drivablearea-0.5_1minwait.patch	76.0761	72.2723	38.1996	false	false	true	false	false	true	false
20230817062748_seigot_main_20230816_1330_tamani-souha_v4_acc_jerk2_leftdrivablebound_collisionbuffer0.1_speedtuingv1_steeringangle40_drivablearea-0.5_1minwait.patch	-1	-1	-1	false	false	false	false	false	false	false
20230817063330_seigot_main_20230816_1330_tamani-souha_v4_acc_jerk2_leftdrivablebound_collisionbuffer0.1_speedtuingv1_steeringangle40_drivablearea-0.5_1minwait.patch	117.073	111.219	68.602	true	false	false	false	false	true	false
20230817063926_seigot_main_20230816_1330_tamani-souha_v4_acc_jerk2_leftdrivablebound_collisionbuffer0.1_speedtuingv1_steeringangle40_drivablearea-0.5_2minwait.patch	116.895	111.05	68.6011	true	false	false	false	false	true	false
20230817064509_seigot_main_20230816_1330_tamani-souha_v4_acc_jerk2_leftdrivablebound_collisionbuffer0.1_speedtuingv1_steeringangle40_drivablearea-0.5_2minwait.patch	117.661	111.778	70.8007	true	false	false	false	false	true	false
20230817065232_seigot_main_20230816_1330_tamani-souha_v4_acc_jerk2_leftdrivablebound_collisionbuffer0.1_speedtuingv1_steeringangle40_drivablearea-0.5_2minwait.patch	-1	-1	-1	false	false	false	false	false	false	false
20230817065956_seigot_main_20230816_1330_tamani-souha_v4_acc_jerk2_leftdrivablebound_collisionbuffer0.1_speedtuingv1_steeringangle40_drivablearea-0.5_2minwait.patch	-1	-1	-1	false	false	false	false	false	false	false
20230817070720_seigot_main_20230816_1330_tamani-souha_v4_acc_jerk2_leftdrivablebound_collisionbuffer0.1_speedtuingv1_steeringangle40_drivablearea-0.5_2minwait.patch	-1	-1	-1	false	false	false	false	false	false	false
20230817071302_seigot_main_20230816_1330_tamani-souha_v4_acc_jerk2_leftdrivablebound_collisionbuffer0.1_speedtuingv1_steeringangle40_drivablearea-0.5_2minwait.patch	116.919	111.073	64.7999	true	false	false	false	false	true	false
20230817071845_seigot_main_20230816_1330_tamani-souha_v4_acc_jerk2_leftdrivablebound_collisionbuffer0.1_speedtuingv1_steeringangle40_drivablearea-0.5_2minwait.patch	53.3401	50.6731	18.5999	false	false	true	false	false	true	false
20230817072440_seigot_main_20230816_1330_tamani-souha_v4_acc_jerk2_leftdrivablebound_collisionbuffer0.1_speedtuingv1_steeringangle40_drivablearea-0.6.patch	52.7336	50.097	19.9981	false	false	true	false	false	true	false
20230817073204_seigot_main_20230816_1330_tamani-souha_v4_acc_jerk2_leftdrivablebound_collisionbuffer0.1_speedtuingv1_steeringangle40_drivablearea-0.6.patch	-1	-1	-1	false	false	false	false	false	false	false
20230817073928_seigot_main_20230816_1330_tamani-souha_v4_acc_jerk2_leftdrivablebound_collisionbuffer0.1_speedtuingv1_steeringangle40_drivablearea-0.6.patch	-1	-1	-1	false	false	false	false	false	false	false
20230817074511_seigot_main_20230816_1330_tamani-souha_v4_acc_jerk2_leftdrivablebound_collisionbuffer0.1_speedtuingv1_steeringangle40_drivablearea-0.6.patch	117.472	111.598	69.0053	true	false	false	false	false	true	false
20230817075053_seigot_main_20230816_1330_tamani-souha_v4_acc_jerk2_leftdrivablebound_collisionbuffer0.1_speedtuingv1_steeringangle40_drivablearea-0.6.patch	117.492	111.617	76.3968	true	false	false	false	false	true	false
20230817075817_seigot_main_20230816_1330_tamani-souha_v4_acc_jerk2_leftdrivablebound_collisionbuffer0.1_speedtuingv1_steeringangle40_drivablearea-0.6.patch	-1	-1	-1	false	false	false	false	false	false	false
20230817080541_seigot_main_20230816_1330_tamani-souha_v4_acc_jerk2_leftdrivablebound_collisionbuffer0.1_speedtuingv1_steeringangle40_drivablearea-0.6.patch	-1	-1	-1	false	false	false	false	false	false	false
20230817081317_seigot_main_20230816_1330_tamani-souha_v4_acc_jerk2_leftdrivablebound_collisionbuffer0.1_speedtuingv1_steeringangle40_drivablearea-0.7.patch	-1	-1	-1	false	false	false	false	false	false	false
20230817082041_seigot_main_20230816_1330_tamani-souha_v4_acc_jerk2_leftdrivablebound_collisionbuffer0.1_speedtuingv1_steeringangle40_drivablearea-0.7.patch	-1	-1	-1	false	false	false	false	false	false	false
20230817082804_seigot_main_20230816_1330_tamani-souha_v4_acc_jerk2_leftdrivablebound_collisionbuffer0.1_speedtuingv1_steeringangle40_drivablearea-0.7.patch	-1	-1	-1	false	false	false	false	false	false	false
20230817083528_seigot_main_20230816_1330_tamani-souha_v4_acc_jerk2_leftdrivablebound_collisionbuffer0.1_speedtuingv1_steeringangle40_drivablearea-0.7.patch	-1	-1	-1	false	false	false	false	false	false	false
20230817084111_seigot_main_20230816_1330_tamani-souha_v4_acc_jerk2_leftdrivablebound_collisionbuffer0.1_speedtuingv1_steeringangle40_drivablearea-0.7.patch	75.1542	71.3965	33.1999	false	false	true	false	false	true	false
20230817084654_seigot_main_20230816_1330_tamani-souha_v4_acc_jerk2_leftdrivablebound_collisionbuffer0.1_speedtuingv1_steeringangle40_drivablearea-0.7.patch	118.101	112.196	70.3984	false	false	true	false	false	true	false
20230817085236_seigot_main_20230816_1330_tamani-souha_v4_acc_jerk2_leftdrivablebound_collisionbuffer0.1_speedtuingv1_steeringangle40_drivablearea-0.7.patch	117.857	111.964	64.7996	false	false	true	false	false	true	false
20230817090013_seigot_main_20230816_1330_tamani-souha_v4_acc_jerk2_leftdrivablebound_collisionbuffer0.1_speedtuingv1_steeringangle40_drivablearea-0.75.patch	-1	-1	-1	false	false	false	false	false	false	false
20230817090737_seigot_main_20230816_1330_tamani-souha_v4_acc_jerk2_leftdrivablebound_collisionbuffer0.1_speedtuingv1_steeringangle40_drivablearea-0.75.patch	-1	-1	-1	false	false	false	false	false	false	false
20230817091319_seigot_main_20230816_1330_tamani-souha_v4_acc_jerk2_leftdrivablebound_collisionbuffer0.1_speedtuingv1_steeringangle40_drivablearea-0.75.patch	118.02	112.119	64.7999	false	false	true	false	false	true	false
20230817092043_seigot_main_20230816_1330_tamani-souha_v4_acc_jerk2_leftdrivablebound_collisionbuffer0.1_speedtuingv1_steeringangle40_drivablearea-0.75.patch	-1	-1	-1	false	false	false	false	false	false	false
20230817092807_seigot_main_20230816_1330_tamani-souha_v4_acc_jerk2_leftdrivablebound_collisionbuffer0.1_speedtuingv1_steeringangle40_drivablearea-0.75.patch	-1	-1	-1	false	false	false	false	false	false	false
20230817093350_seigot_main_20230816_1330_tamani-souha_v4_acc_jerk2_leftdrivablebound_collisionbuffer0.1_speedtuingv1_steeringangle40_drivablearea-0.75.patch	117.988	112.088	69.7992	false	false	true	false	false	true	false
20230817094114_seigot_main_20230816_1330_tamani-souha_v4_acc_jerk2_leftdrivablebound_collisionbuffer0.1_speedtuingv1_steeringangle40_drivablearea-0.75.patch	-1	-1	-1	false	false	false	false	false	false	false
20230817094850_seigot_main_20230816_1330_tamani-souha_v4_acc_jerk2_leftdrivablebound_collisionbuffer0.1_speedtuingv1_steeringangle40_drivablearea-0.8.patch	-1	-1	-1	false	false	false	false	false	false	false
20230817095614_seigot_main_20230816_1330_tamani-souha_v4_acc_jerk2_leftdrivablebound_collisionbuffer0.1_speedtuingv1_steeringangle40_drivablearea-0.8.patch	-1	-1	-1	false	false	false	false	false	false	false
20230817100338_seigot_main_20230816_1330_tamani-souha_v4_acc_jerk2_leftdrivablebound_collisionbuffer0.1_speedtuingv1_steeringangle40_drivablearea-0.8.patch	-1	-1	-1	false	false	false	false	false	false	false
20230817101101_seigot_main_20230816_1330_tamani-souha_v4_acc_jerk2_leftdrivablebound_collisionbuffer0.1_speedtuingv1_steeringangle40_drivablearea-0.8.patch	-1	-1	-1	false	false	false	false	false	false	false
20230817101644_seigot_main_20230816_1330_tamani-souha_v4_acc_jerk2_leftdrivablebound_collisionbuffer0.1_speedtuingv1_steeringangle40_drivablearea-0.8.patch	118.24	112.328	70.1998	false	false	true	false	false	true	false
20230817102227_seigot_main_20230816_1330_tamani-souha_v4_acc_jerk2_leftdrivablebound_collisionbuffer0.1_speedtuingv1_steeringangle40_drivablearea-0.8.patch	117.98	112.081	68.9981	false	false	true	false	false	true	false
20230817102809_seigot_main_20230816_1330_tamani-souha_v4_acc_jerk2_leftdrivablebound_collisionbuffer0.1_speedtuingv1_steeringangle40_drivablearea-0.8.patch	117.967	117.967	64.7999	false	false	true	false	true	true	false
20230817103545_seigot_main_20230816_1330_tamani-souha_v4_acc_jerk2_leftdrivablebound_collisionbuffer0.1_speedtuingv1_steeringangle40_drivablearea-0.9.patch	-1	-1	-1	false	false	false	false	false	false	false
20230817104309_seigot_main_20230816_1330_tamani-souha_v4_acc_jerk2_leftdrivablebound_collisionbuffer0.1_speedtuingv1_steeringangle40_drivablearea-0.9.patch	-1	-1	-1	false	false	false	false	false	false	false
20230817105033_seigot_main_20230816_1330_tamani-souha_v4_acc_jerk2_leftdrivablebound_collisionbuffer0.1_speedtuingv1_steeringangle40_drivablearea-0.9.patch	-1	-1	-1	false	false	false	false	false	false	false
20230817105757_seigot_main_20230816_1330_tamani-souha_v4_acc_jerk2_leftdrivablebound_collisionbuffer0.1_speedtuingv1_steeringangle40_drivablearea-0.9.patch	-1	-1	-1	false	false	false	false	false	false	false
20230817110521_seigot_main_20230816_1330_tamani-souha_v4_acc_jerk2_leftdrivablebound_collisionbuffer0.1_speedtuingv1_steeringangle40_drivablearea-0.9.patch	-1	-1	-1	false	false	false	false	false	false	false
20230817111244_seigot_main_20230816_1330_tamani-souha_v4_acc_jerk2_leftdrivablebound_collisionbuffer0.1_speedtuingv1_steeringangle40_drivablearea-0.9.patch	-1	-1	-1	false	false	false	false	false	false	false
20230817112008_seigot_main_20230816_1330_tamani-souha_v4_acc_jerk2_leftdrivablebound_collisionbuffer0.1_speedtuingv1_steeringangle40_drivablearea-0.9.patch	-1	-1	-1	false	false	false	false	false	false	false
20230817112634_seigot_main_20230816_1330_tamani-souha_v4_acc_jerk2_leftdrivablebound_collisionbuffer0.1_speedtuingv1_steeringangle40_drivablearea-1.0.patch	53.1706	50.5121	20.1998	false	false	true	false	false	true	false
20230817113358_seigot_main_20230816_1330_tamani-souha_v4_acc_jerk2_leftdrivablebound_collisionbuffer0.1_speedtuingv1_steeringangle40_drivablearea-1.0.patch	-1	-1	-1	false	false	false	false	false	false	false
20230817113941_seigot_main_20230816_1330_tamani-souha_v4_acc_jerk2_leftdrivablebound_collisionbuffer0.1_speedtuingv1_steeringangle40_drivablearea-1.0.patch	89.4978	85.0229	46.9999	true	false	false	false	false	true	false
20230817114704_seigot_main_20230816_1330_tamani-souha_v4_acc_jerk2_leftdrivablebound_collisionbuffer0.1_speedtuingv1_steeringangle40_drivablearea-1.0.patch	-1	-1	-1	false	false	false	false	false	false	false
20230817115428_seigot_main_20230816_1330_tamani-souha_v4_acc_jerk2_leftdrivablebound_collisionbuffer0.1_speedtuingv1_steeringangle40_drivablearea-1.0.patch	-1	-1	-1	false	false	false	false	false	false	false
20230818120011_seigot_main_20230816_1330_tamani-souha_v4_acc_jerk2_leftdrivablebound_collisionbuffer0.1_speedtuingv1_steeringangle40_drivablearea-1.0.patch	118.375	112.456	69.1987	false	false	true	false	false	true	false
20230818120553_seigot_main_20230816_1330_tamani-souha_v4_acc_jerk2_leftdrivablebound_collisionbuffer0.1_speedtuingv1_steeringangle40_drivablearea-1.0.patch	89.1275	84.6712	53.3998	true	false	false	false	false	true	false
20230818121149_seigot_main_20230816_1330_tamani-souha_v4_acc_jerk2_leftdrivablebound_collisionbuffer0.1_speedtuingv1_steeringangle40_drivablearea-7.5.patch	24.7029	23.4678	0	true	false	false	false	false	true	false
20230818121731_seigot_main_20230816_1330_tamani-souha_v4_acc_jerk2_leftdrivablebound_collisionbuffer0.1_speedtuingv1_steeringangle40_drivablearea-7.5.patch	24.5543	23.3265	0	true	false	false	false	false	true	false
20230818122314_seigot_main_20230816_1330_tamani-souha_v4_acc_jerk2_leftdrivablebound_collisionbuffer0.1_speedtuingv1_steeringangle40_drivablearea-7.5.patch	24.6694	23.436	0	true	false	false	false	false	true	false
20230818122856_seigot_main_20230816_1330_tamani-souha_v4_acc_jerk2_leftdrivablebound_collisionbuffer0.1_speedtuingv1_steeringangle40_drivablearea-7.5.patch	24.746	23.5087	0	true	false	false	false	false	true	false
20230818123439_seigot_main_20230816_1330_tamani-souha_v4_acc_jerk2_leftdrivablebound_collisionbuffer0.1_speedtuingv1_steeringangle40_drivablearea-7.5.patch	24.5453	23.318	0	true	false	false	false	false	true	false
20230818124021_seigot_main_20230816_1330_tamani-souha_v4_acc_jerk2_leftdrivablebound_collisionbuffer0.1_speedtuingv1_steeringangle40_drivablearea-7.5.patch	24.6009	23.3709	0	true	false	false	false	false	true	false
20230818124604_seigot_main_20230816_1330_tamani-souha_v4_acc_jerk2_leftdrivablebound_collisionbuffer0.1_speedtuingv1_steeringangle40_drivablearea-7.5.patch	24.5223	23.2962	0	true	false	false	false	false	true	false
20230818125341_seigot_main_20230816_1330_tamani-souha_v4_acc_jerk2_leftdrivablebound_collisionbuffer0.1_speedtuingv1_steeringangle40_drivablearea0.25_0.75.patch	-1	-1	-1	false	false	false	false	false	false	false
20230818125923_seigot_main_20230816_1330_tamani-souha_v4_acc_jerk2_leftdrivablebound_collisionbuffer0.1_speedtuingv1_steeringangle40_drivablearea0.25_0.75.patch	116.818	110.977	69.3995	true	false	false	false	false	true	false
20230818010505_seigot_main_20230816_1330_tamani-souha_v4_acc_jerk2_leftdrivablebound_collisionbuffer0.1_speedtuingv1_steeringangle40_drivablearea0.25_0.75.patch	89.1174	84.6615	46	true	false	false	false	false	true	false
20230818011229_seigot_main_20230816_1330_tamani-souha_v4_acc_jerk2_leftdrivablebound_collisionbuffer0.1_speedtuingv1_steeringangle40_drivablearea0.25_0.75.patch	-1	-1	-1	false	false	false	false	false	false	false
20230818011812_seigot_main_20230816_1330_tamani-souha_v4_acc_jerk2_leftdrivablebound_collisionbuffer0.1_speedtuingv1_steeringangle40_drivablearea0.25_0.75.patch	117.214	111.353	68.1999	true	false	false	false	false	true	false
20230818012535_seigot_main_20230816_1330_tamani-souha_v4_acc_jerk2_leftdrivablebound_collisionbuffer0.1_speedtuingv1_steeringangle40_drivablearea0.25_0.75.patch	-1	-1	-1	false	false	false	false	false	false	false
20230818013258_seigot_main_20230816_1330_tamani-souha_v4_acc_jerk2_leftdrivablebound_collisionbuffer0.1_speedtuingv1_steeringangle40_drivablearea0.25_0.75.patch	-1	-1	-1	false	false	false	false	false	false	false
20230818014035_seigot_main_20230816_1330_tamani-souha_v4_acc_jerk2_leftdrivablebound_collisionbuffer0.1_motionvelocitysmootherparamv1_maxvelocity3.5.patch	-1	-1	-1	false	false	false	false	false	false	false
20230818014758_seigot_main_20230816_1330_tamani-souha_v4_acc_jerk2_leftdrivablebound_collisionbuffer0.1_motionvelocitysmootherparamv1_maxvelocity3.5.patch	-1	-1	-1	false	false	false	false	false	false	false
20230818015341_seigot_main_20230816_1330_tamani-souha_v4_acc_jerk2_leftdrivablebound_collisionbuffer0.1_motionvelocitysmootherparamv1_maxvelocity3.5.patch	53.4126	50.742	18.6	false	false	true	false	false	true	false
20230818020104_seigot_main_20230816_1330_tamani-souha_v4_acc_jerk2_leftdrivablebound_collisionbuffer0.1_motionvelocitysmootherparamv1_maxvelocity3.5.patch	-1	-1	-1	false	false	false	false	false	false	false
20230818020647_seigot_main_20230816_1330_tamani-souha_v4_acc_jerk2_leftdrivablebound_collisionbuffer0.1_motionvelocitysmootherparamv1_maxvelocity3.5.patch	116.781	110.942	71.5994	true	false	false	false	false	true	false
20230818021229_seigot_main_20230816_1330_tamani-souha_v4_acc_jerk2_leftdrivablebound_collisionbuffer0.1_motionvelocitysmootherparamv1_maxvelocity3.5.patch	116.872	111.029	66.3999	true	false	false	false	false	true	false
20230818021812_seigot_main_20230816_1330_tamani-souha_v4_acc_jerk2_leftdrivablebound_collisionbuffer0.1_motionvelocitysmootherparamv1_maxvelocity3.5.patch	117.424	111.553	74.3998	true	false	false	false	false	true	false
20230818022407_seigot_main_20230816_1330_tamani-souha_v4_acc_jerk2_leftdrivablebound_collisionbuffer0.1_motionvelocitysmootherparamv1_maxvelocity4.0.patch	43.5303	41.3538	10.4	false	false	true	false	false	true	false
20230818022949_seigot_main_20230816_1330_tamani-souha_v4_acc_jerk2_leftdrivablebound_collisionbuffer0.1_motionvelocitysmootherparamv1_maxvelocity4.0.patch	116.961	111.113	64.4	true	false	false	false	false	true	false
20230818023532_seigot_main_20230816_1330_tamani-souha_v4_acc_jerk2_leftdrivablebound_collisionbuffer0.1_motionvelocitysmootherparamv1_maxvelocity4.0.patch	117.003	111.152	66.1999	true	false	false	false	false	true	false
20230818024255_seigot_main_20230816_1330_tamani-souha_v4_acc_jerk2_leftdrivablebound_collisionbuffer0.1_motionvelocitysmootherparamv1_maxvelocity4.0.patch	-1	-1	-1	false	false	false	false	false	false	false
20230818024838_seigot_main_20230816_1330_tamani-souha_v4_acc_jerk2_leftdrivablebound_collisionbuffer0.1_motionvelocitysmootherparamv1_maxvelocity4.0.patch	116.843	111.001	67.9996	true	false	false	false	false	true	false
20230818025601_seigot_main_20230816_1330_tamani-souha_v4_acc_jerk2_leftdrivablebound_collisionbuffer0.1_motionvelocitysmootherparamv1_maxvelocity4.0.patch	-1	-1	-1	false	false	false	false	false	false	false
20230818030325_seigot_main_20230816_1330_tamani-souha_v4_acc_jerk2_leftdrivablebound_collisionbuffer0.1_motionvelocitysmootherparamv1_maxvelocity4.0.patch	-1	-1	-1	false	false	false	false	false	false	false
20230818031101_seigot_main_20230816_1330_tamani-souha_v4_acc_jerk2_leftdrivablebound_collisionbuffer0.1_motionvelocitysmootherparamv1_maxvelocity4.5.patch	-1	-1	-1	false	false	false	false	false	false	false
20230818031643_seigot_main_20230816_1330_tamani-souha_v4_acc_jerk2_leftdrivablebound_collisionbuffer0.1_motionvelocitysmootherparamv1_maxvelocity4.5.patch	116.9	111.055	70.5977	true	false	false	false	false	true	false
20230818032407_seigot_main_20230816_1330_tamani-souha_v4_acc_jerk2_leftdrivablebound_collisionbuffer0.1_motionvelocitysmootherparamv1_maxvelocity4.5.patch	-1	-1	-1	false	false	false	false	false	false	false
20230818032950_seigot_main_20230816_1330_tamani-souha_v4_acc_jerk2_leftdrivablebound_collisionbuffer0.1_motionvelocitysmootherparamv1_maxvelocity4.5.patch	117.604	111.724	66.1999	true	false	false	false	false	true	false
20230818033713_seigot_main_20230816_1330_tamani-souha_v4_acc_jerk2_leftdrivablebound_collisionbuffer0.1_motionvelocitysmootherparamv1_maxvelocity4.5.patch	-1	-1	-1	false	false	false	false	false	false	false
20230818034437_seigot_main_20230816_1330_tamani-souha_v4_acc_jerk2_leftdrivablebound_collisionbuffer0.1_motionvelocitysmootherparamv1_maxvelocity4.5.patch	-1	-1	-1	false	false	false	false	false	false	false
20230818035201_seigot_main_20230816_1330_tamani-souha_v4_acc_jerk2_leftdrivablebound_collisionbuffer0.1_motionvelocitysmootherparamv1_maxvelocity4.5.patch	-1	-1	-1	false	false	false	false	false	false	false
20230818035937_seigot_main_20230816_1330_tamani-souha_v4_acc_jerk2_leftdrivablebound_collisionbuffer0.1_motionvelocitysmootherparamv1_nominalavoidance0.patch	-1	-1	-1	false	false	false	false	false	false	false
20230818040520_seigot_main_20230816_1330_tamani-souha_v4_acc_jerk2_leftdrivablebound_collisionbuffer0.1_motionvelocitysmootherparamv1_nominalavoidance0.patch	42.8314	40.6899	14.1995	false	false	true	false	false	true	false
20230818041102_seigot_main_20230816_1330_tamani-souha_v4_acc_jerk2_leftdrivablebound_collisionbuffer0.1_motionvelocitysmootherparamv1_nominalavoidance0.patch	88.9533	84.5056	43.5983	true	false	false	false	false	true	false
20230818041826_seigot_main_20230816_1330_tamani-souha_v4_acc_jerk2_leftdrivablebound_collisionbuffer0.1_motionvelocitysmootherparamv1_nominalavoidance0.patch	-1	-1	-1	false	false	false	false	false	false	false
20230818042550_seigot_main_20230816_1330_tamani-souha_v4_acc_jerk2_leftdrivablebound_collisionbuffer0.1_motionvelocitysmootherparamv1_nominalavoidance0.patch	-1	-1	-1	false	false	false	false	false	false	false
20230818043313_seigot_main_20230816_1330_tamani-souha_v4_acc_jerk2_leftdrivablebound_collisionbuffer0.1_motionvelocitysmootherparamv1_nominalavoidance0.patch	-1	-1	-1	false	false	false	false	false	false	false
20230818044037_seigot_main_20230816_1330_tamani-souha_v4_acc_jerk2_leftdrivablebound_collisionbuffer0.1_motionvelocitysmootherparamv1_nominalavoidance0.patch	-1	-1	-1	false	false	false	false	false	false	false
20230818044813_seigot_main_20230816_1330_tamani-souha_v4_acc_jerk2_leftdrivablebound_collisionbuffer0.1_motionvelocitysmootherparamv1_nominalavoidance0_maxvelocity4challenge.patch	-1	-1	-1	false	false	false	false	false	false	false
20230818045537_seigot_main_20230816_1330_tamani-souha_v4_acc_jerk2_leftdrivablebound_collisionbuffer0.1_motionvelocitysmootherparamv1_nominalavoidance0_maxvelocity4challenge.patch	-1	-1	-1	false	false	false	false	false	false	false
20230818050301_seigot_main_20230816_1330_tamani-souha_v4_acc_jerk2_leftdrivablebound_collisionbuffer0.1_motionvelocitysmootherparamv1_nominalavoidance0_maxvelocity4challenge.patch	-1	-1	-1	false	false	false	false	false	false	false
20230818050843_seigot_main_20230816_1330_tamani-souha_v4_acc_jerk2_leftdrivablebound_collisionbuffer0.1_motionvelocitysmootherparamv1_nominalavoidance0_maxvelocity4challenge.patch	117.145	111.287	64.6	true	false	false	false	false	true	false
20230818051607_seigot_main_20230816_1330_tamani-souha_v4_acc_jerk2_leftdrivablebound_collisionbuffer0.1_motionvelocitysmootherparamv1_nominalavoidance0_maxvelocity4challenge.patch	-1	-1	-1	false	false	false	false	false	false	false
20230818052331_seigot_main_20230816_1330_tamani-souha_v4_acc_jerk2_leftdrivablebound_collisionbuffer0.1_motionvelocitysmootherparamv1_nominalavoidance0_maxvelocity4challenge.patch	-1	-1	-1	false	false	false	false	false	false	false
20230818053055_seigot_main_20230816_1330_tamani-souha_v4_acc_jerk2_leftdrivablebound_collisionbuffer0.1_motionvelocitysmootherparamv1_nominalavoidance0_maxvelocity4challenge.patch	-1	-1	-1	false	false	false	false	false	false	false
20230818053650_seigot_main_20230816_1330_tamani-souha_v4_acc_jerk2_leftdrivablebound_collisionbuffer0.1_speedtuingv1_steeringangle40_drivablearea0.5_1.0.patch	75.3268	71.5605	33.2008	false	false	true	false	false	true	false
20230818054414_seigot_main_20230816_1330_tamani-souha_v4_acc_jerk2_leftdrivablebound_collisionbuffer0.1_speedtuingv1_steeringangle40_drivablearea0.5_1.0.patch	-1	-1	-1	false	false	false	false	false	false	false
20230818055138_seigot_main_20230816_1330_tamani-souha_v4_acc_jerk2_leftdrivablebound_collisionbuffer0.1_speedtuingv1_steeringangle40_drivablearea0.5_1.0.patch	-1	-1	-1	false	false	false	false	false	false	false
20230818055901_seigot_main_20230816_1330_tamani-souha_v4_acc_jerk2_leftdrivablebound_collisionbuffer0.1_speedtuingv1_steeringangle40_drivablearea0.5_1.0.patch	-1	-1	-1	false	false	false	false	false	false	false
20230818060444_seigot_main_20230816_1330_tamani-souha_v4_acc_jerk2_leftdrivablebound_collisionbuffer0.1_speedtuingv1_steeringangle40_drivablearea0.5_1.0.patch	116.971	111.122	66.5999	true	false	false	false	false	true	false
20230818061027_seigot_main_20230816_1330_tamani-souha_v4_acc_jerk2_leftdrivablebound_collisionbuffer0.1_speedtuingv1_steeringangle40_drivablearea0.5_1.0.patch	117.02	111.169	64.8032	true	false	false	false	false	true	false
20230818061609_seigot_main_20230816_1330_tamani-souha_v4_acc_jerk2_leftdrivablebound_collisionbuffer0.1_speedtuingv1_steeringangle40_drivablearea0.5_1.0.patch	117.479	111.605	66.5999	true	false	false	false	false	true	false
20230818062346_seigot_main_20230816_1330_tamani-souha_v4_acc_jerk2_leftdrivablebound_collisionbuffer0.1_speedtuingv1_steeringangle40_drivablearea1.0_1.0.patch	-1	-1	-1	false	false	false	false	false	false	false
20230818063109_seigot_main_20230816_1330_tamani-souha_v4_acc_jerk2_leftdrivablebound_collisionbuffer0.1_speedtuingv1_steeringangle40_drivablearea1.0_1.0.patch	-1	-1	-1	false	false	false	false	false	false	false
20230818063652_seigot_main_20230816_1330_tamani-souha_v4_acc_jerk2_leftdrivablebound_collisionbuffer0.1_speedtuingv1_steeringangle40_drivablearea1.0_1.0.patch	117.026	111.175	65.7999	true	false	false	false	false	true	false
20230818064416_seigot_main_20230816_1330_tamani-souha_v4_acc_jerk2_leftdrivablebound_collisionbuffer0.1_speedtuingv1_steeringangle40_drivablearea1.0_1.0.patch	-1	-1	-1	false	false	false	false	false	false	false
20230818065140_seigot_main_20230816_1330_tamani-souha_v4_acc_jerk2_leftdrivablebound_collisionbuffer0.1_speedtuingv1_steeringangle40_drivablearea1.0_1.0.patch	-1	-1	-1	false	false	false	false	false	false	false
20230818065723_seigot_main_20230816_1330_tamani-souha_v4_acc_jerk2_leftdrivablebound_collisionbuffer0.1_speedtuingv1_steeringangle40_drivablearea1.0_1.0.patch	117.194	111.334	64.3979	true	false	false	false	false	true	false
20230818070446_seigot_main_20230816_1330_tamani-souha_v4_acc_jerk2_leftdrivablebound_collisionbuffer0.1_speedtuingv1_steeringangle40_drivablearea1.0_1.0.patch	-1	-1	-1	false	false	false	false	false	false	false
20230818071042_seigot_main_20230816_1330_tamani-souha_v4_acc_jerk2_leftdrivablebound_collisionbuffer0.1_speedtuingv1_steeringangle40_maxvelocity1.0.patch	88.8913	84.4467	72.2002	true	false	false	false	false	true	false
20230818071806_seigot_main_20230816_1330_tamani-souha_v4_acc_jerk2_leftdrivablebound_collisionbuffer0.1_speedtuingv1_steeringangle40_maxvelocity1.0.patch	-1	-1	-1	false	false	false	false	false	false	false
20230818072529_seigot_main_20230816_1330_tamani-souha_v4_acc_jerk2_leftdrivablebound_collisionbuffer0.1_speedtuingv1_steeringangle40_maxvelocity1.0.patch	-1	-1	-1	false	false	false	false	false	false	false
20230818073252_seigot_main_20230816_1330_tamani-souha_v4_acc_jerk2_leftdrivablebound_collisionbuffer0.1_speedtuingv1_steeringangle40_maxvelocity1.0.patch	-1	-1	-1	false	false	false	false	false	false	false
20230818073835_seigot_main_20230816_1330_tamani-souha_v4_acc_jerk2_leftdrivablebound_collisionbuffer0.1_speedtuingv1_steeringangle40_maxvelocity1.0.patch	88.9869	84.5375	62.6	true	false	false	false	false	true	false
20230818074559_seigot_main_20230816_1330_tamani-souha_v4_acc_jerk2_leftdrivablebound_collisionbuffer0.1_speedtuingv1_steeringangle40_maxvelocity1.0.patch	-1	-1	-1	false	false	false	false	false	false	false
20230818075141_seigot_main_20230816_1330_tamani-souha_v4_acc_jerk2_leftdrivablebound_collisionbuffer0.1_speedtuingv1_steeringangle40_maxvelocity1.0.patch	89.0488	84.5964	62.7999	true	false	false	false	false	true	false
20230818075737_seigot_main_20230816_1330_tamani-souha_v4_acc_jerk2_leftdrivablebound_collisionbuffer0.1_speedtuingv1_steeringangle40_maxvelocity2.0.patch	52.7648	50.1266	24.7998	false	false	true	false	false	true	false
20230818080320_seigot_main_20230816_1330_tamani-souha_v4_acc_jerk2_leftdrivablebound_collisionbuffer0.1_speedtuingv1_steeringangle40_maxvelocity2.0.patch	76.3079	72.4925	40.2	true	false	false	false	false	true	false
20230818080902_seigot_main_20230816_1330_tamani-souha_v4_acc_jerk2_leftdrivablebound_collisionbuffer0.1_speedtuingv1_steeringangle40_maxvelocity2.0.patch	117.179	111.32	64.6	true	false	false	false	false	true	false
20230818081445_seigot_main_20230816_1330_tamani-souha_v4_acc_jerk2_leftdrivablebound_collisionbuffer0.1_speedtuingv1_steeringangle40_maxvelocity2.0.patch	117.05	111.197	73.1997	true	false	false	false	false	true	false
20230818082209_seigot_main_20230816_1330_tamani-souha_v4_acc_jerk2_leftdrivablebound_collisionbuffer0.1_speedtuingv1_steeringangle40_maxvelocity2.0.patch	-1	-1	-1	false	false	false	false	false	false	false
20230818082751_seigot_main_20230816_1330_tamani-souha_v4_acc_jerk2_leftdrivablebound_collisionbuffer0.1_speedtuingv1_steeringangle40_maxvelocity2.0.patch	117.444	111.572	69.7918	true	false	false	false	false	true	false
20230818083334_seigot_main_20230816_1330_tamani-souha_v4_acc_jerk2_leftdrivablebound_collisionbuffer0.1_speedtuingv1_steeringangle40_maxvelocity2.0.patch	116.885	111.041	70.1996	true	false	false	false	false	true	false
20230818084110_seigot_main_20230816_1330_tamani-souha_v4_acc_jerk2_leftdrivablebound_collisionbuffer0.1_speedtuingv1_steeringangle40_maxvelocity3.0.patch	-1	-1	-1	false	false	false	false	false	false	false
20230818084833_seigot_main_20230816_1330_tamani-souha_v4_acc_jerk2_leftdrivablebound_collisionbuffer0.1_speedtuingv1_steeringangle40_maxvelocity3.0.patch	-1	-1	-1	false	false	false	false	false	false	false
20230818085557_seigot_main_20230816_1330_tamani-souha_v4_acc_jerk2_leftdrivablebound_collisionbuffer0.1_speedtuingv1_steeringangle40_maxvelocity3.0.patch	-1	-1	-1	false	false	false	false	false	false	false
20230818090321_seigot_main_20230816_1330_tamani-souha_v4_acc_jerk2_leftdrivablebound_collisionbuffer0.1_speedtuingv1_steeringangle40_maxvelocity3.0.patch	-1	-1	-1	false	false	false	false	false	false	false
20230818090903_seigot_main_20230816_1330_tamani-souha_v4_acc_jerk2_leftdrivablebound_collisionbuffer0.1_speedtuingv1_steeringangle40_maxvelocity3.0.patch	117.114	111.258	66.4005	true	false	false	false	false	true	false
20230818091627_seigot_main_20230816_1330_tamani-souha_v4_acc_jerk2_leftdrivablebound_collisionbuffer0.1_speedtuingv1_steeringangle40_maxvelocity3.0.patch	-1	-1	-1	false	false	false	false	false	false	false
20230818092210_seigot_main_20230816_1330_tamani-souha_v4_acc_jerk2_leftdrivablebound_collisionbuffer0.1_speedtuingv1_steeringangle40_maxvelocity3.0.patch	117.147	111.29	64.7989	true	false	false	false	false	true	false
20230818092806_seigot_main_20230816_1330_tamani-souha_v4_acc_jerk2_leftdrivablebound_collisionbuffer0.1_speedtuingv1_steeringangle40_maxvelocity4.0.patch	117.483	111.609	111.2	true	false	false	false	false	true	false
20230818093529_seigot_main_20230816_1330_tamani-souha_v4_acc_jerk2_leftdrivablebound_collisionbuffer0.1_speedtuingv1_steeringangle40_maxvelocity4.0.patch	-1	-1	-1	false	false	false	false	false	false	false
20230818094112_seigot_main_20230816_1330_tamani-souha_v4_acc_jerk2_leftdrivablebound_collisionbuffer0.1_speedtuingv1_steeringangle40_maxvelocity4.0.patch	116.899	111.054	64.7999	true	false	false	false	false	true	false
20230818094836_seigot_main_20230816_1330_tamani-souha_v4_acc_jerk2_leftdrivablebound_collisionbuffer0.1_speedtuingv1_steeringangle40_maxvelocity4.0.patch	-1	-1	-1	false	false	false	false	false	false	false
20230818095419_seigot_main_20230816_1330_tamani-souha_v4_acc_jerk2_leftdrivablebound_collisionbuffer0.1_speedtuingv1_steeringangle40_maxvelocity4.0.patch	117.138	111.281	65.3998	true	false	false	false	false	true	false
20230818100143_seigot_main_20230816_1330_tamani-souha_v4_acc_jerk2_leftdrivablebound_collisionbuffer0.1_speedtuingv1_steeringangle40_maxvelocity4.0.patch	-1	-1	-1	false	false	false	false	false	false	false
20230818100906_seigot_main_20230816_1330_tamani-souha_v4_acc_jerk2_leftdrivablebound_collisionbuffer0.1_speedtuingv1_steeringangle40_maxvelocity4.0.patch	-1	-1	-1	false	false	false	false	false	false	false
20230818101648_seigot_main_20230816_1330_tamani-souha_v4_acc_jerk2_leftdrivablebound_collisionbuffer0.1_speedtuingv1_steeringangle40_maxvelocity4.0_minnomialavoidancespeed0.patch	-1	-1	-1	false	false	false	false	false	false	false
20230818102231_seigot_main_20230816_1330_tamani-souha_v4_acc_jerk2_leftdrivablebound_collisionbuffer0.1_speedtuingv1_steeringangle40_maxvelocity4.0_minnomialavoidancespeed0.patch	117.05	111.197	64.4007	true	false	false	false	false	true	false
20230818102955_seigot_main_20230816_1330_tamani-souha_v4_acc_jerk2_leftdrivablebound_collisionbuffer0.1_speedtuingv1_steeringangle40_maxvelocity4.0_minnomialavoidancespeed0.patch	-1	-1	-1	false	false	false	false	false	false	false
20230818103718_seigot_main_20230816_1330_tamani-souha_v4_acc_jerk2_leftdrivablebound_collisionbuffer0.1_speedtuingv1_steeringangle40_maxvelocity4.0_minnomialavoidancespeed0.patch	-1	-1	-1	false	false	false	false	false	false	false
20230818104301_seigot_main_20230816_1330_tamani-souha_v4_acc_jerk2_leftdrivablebound_collisionbuffer0.1_speedtuingv1_steeringangle40_maxvelocity4.0_minnomialavoidancespeed0.patch	117.02	111.169	65.5988	true	false	false	false	false	true	false
20230818105025_seigot_main_20230816_1330_tamani-souha_v4_acc_jerk2_leftdrivablebound_collisionbuffer0.1_speedtuingv1_steeringangle40_maxvelocity4.0_minnomialavoidancespeed0.patch	-1	-1	-1	false	false	false	false	false	false	false
20230818105749_seigot_main_20230816_1330_tamani-souha_v4_acc_jerk2_leftdrivablebound_collisionbuffer0.1_speedtuingv1_steeringangle40_maxvelocity4.0_minnomialavoidancespeed0.patch	-1	-1	-1	false	false	false	false	false	false	false
20230818110344_seigot_main_20230816_1330_tamani-souha_v4_acc_jerk2_leftdrivablebound_collisionbuffer0.1_speedtuingv1_steeringangle60.patch	43.5239	41.3477	10.7997	false	false	true	false	false	true	false
20230818110927_seigot_main_20230816_1330_tamani-souha_v4_acc_jerk2_leftdrivablebound_collisionbuffer0.1_speedtuingv1_steeringangle60.patch	117.264	111.401	66.9999	true	false	false	false	false	true	false
20230818111651_seigot_main_20230816_1330_tamani-souha_v4_acc_jerk2_leftdrivablebound_collisionbuffer0.1_speedtuingv1_steeringangle60.patch	-1	-1	-1	false	false	false	false	false	false	false
20230818112415_seigot_main_20230816_1330_tamani-souha_v4_acc_jerk2_leftdrivablebound_collisionbuffer0.1_speedtuingv1_steeringangle60.patch	-1	-1	-1	false	false	false	false	false	false	false
20230818113139_seigot_main_20230816_1330_tamani-souha_v4_acc_jerk2_leftdrivablebound_collisionbuffer0.1_speedtuingv1_steeringangle60.patch	-1	-1	-1	false	false	false	false	false	false	false
20230818113722_seigot_main_20230816_1330_tamani-souha_v4_acc_jerk2_leftdrivablebound_collisionbuffer0.1_speedtuingv1_steeringangle60.patch	116.845	111.003	67.2	true	false	false	false	false	true	false
20230818114445_seigot_main_20230816_1330_tamani-souha_v4_acc_jerk2_leftdrivablebound_collisionbuffer0.1_speedtuingv1_steeringangle60.patch	-1	-1	-1	false	false	false	false	false	false	false
20230818115222_seigot_main_20230816_1330_tamani-souha_v4_acc_jerk2_leftdrivablebound_collisionbuffer0.1_speedtuingv1_steeringangle80.patch	-1	-1	-1	false	false	false	false	false	false	false
20230818115945_seigot_main_20230816_1330_tamani-souha_v4_acc_jerk2_leftdrivablebound_collisionbuffer0.1_speedtuingv1_steeringangle80.patch	-1	-1	-1	false	false	false	false	false	false	false
20230818120528_seigot_main_20230816_1330_tamani-souha_v4_acc_jerk2_leftdrivablebound_collisionbuffer0.1_speedtuingv1_steeringangle80.patch	117.091	111.237	73.9999	true	false	false	false	false	true	false
20230818121111_seigot_main_20230816_1330_tamani-souha_v4_acc_jerk2_leftdrivablebound_collisionbuffer0.1_speedtuingv1_steeringangle80.patch	117.629	111.748	75.1998	true	false	false	false	false	true	false
20230818121654_seigot_main_20230816_1330_tamani-souha_v4_acc_jerk2_leftdrivablebound_collisionbuffer0.1_speedtuingv1_steeringangle80.patch	117.102	111.247	67.3999	true	false	false	false	false	true	false
20230818122417_seigot_main_20230816_1330_tamani-souha_v4_acc_jerk2_leftdrivablebound_collisionbuffer0.1_speedtuingv1_steeringangle80.patch	-1	-1	-1	false	false	false	false	false	false	false
20230818123000_seigot_main_20230816_1330_tamani-souha_v4_acc_jerk2_leftdrivablebound_collisionbuffer0.1_speedtuingv1_steeringangle80.patch	116.844	111.002	64.1993	true	false	false	false	false	true	false
20230818123556_seigot_main_20230816_1330_tamani-souha_v4_acc_jerk2_leftdrivablebound_collisionbuffer0.1_speedtuningv1.patch	117.153	111.295	64.5999	true	false	false	false	false	true	false
20230818124138_seigot_main_20230816_1330_tamani-souha_v4_acc_jerk2_leftdrivablebound_collisionbuffer0.1_speedtuningv1.patch	117.167	111.309	66.3999	true	false	false	false	false	true	false
20230818124902_seigot_main_20230816_1330_tamani-souha_v4_acc_jerk2_leftdrivablebound_collisionbuffer0.1_speedtuningv1.patch	-1	-1	-1	false	false	false	false	false	false	false
20230818125445_seigot_main_20230816_1330_tamani-souha_v4_acc_jerk2_leftdrivablebound_collisionbuffer0.1_speedtuningv1.patch	116.984	111.135	72.3999	true	false	false	false	false	true	false
20230818010027_seigot_main_20230816_1330_tamani-souha_v4_acc_jerk2_leftdrivablebound_collisionbuffer0.1_speedtuningv1.patch	116.942	111.095	71.9999	true	false	false	false	false	true	false
20230818010751_seigot_main_20230816_1330_tamani-souha_v4_acc_jerk2_leftdrivablebound_collisionbuffer0.1_speedtuningv1.patch	-1	-1	-1	false	false	false	false	false	false	false
20230818011514_seigot_main_20230816_1330_tamani-souha_v4_acc_jerk2_leftdrivablebound_collisionbuffer0.1_speedtuningv1.patch	-1	-1	-1	false	false	false	false	false	false	false
20230818012110_seigot_main_20230816_1330_tamani-souha_v4_acc_jerk2_leftdrivablebound_collisionbuffer0.2.patch	116.252	110.439	73.1937	true	false	false	false	false	true	false
20230818012834_seigot_main_20230816_1330_tamani-souha_v4_acc_jerk2_leftdrivablebound_collisionbuffer0.2.patch	-1	-1	-1	false	false	false	false	false	false	false
20230818013557_seigot_main_20230816_1330_tamani-souha_v4_acc_jerk2_leftdrivablebound_collisionbuffer0.2.patch	-1	-1	-1	false	false	false	false	false	false	false
20230818014321_seigot_main_20230816_1330_tamani-souha_v4_acc_jerk2_leftdrivablebound_collisionbuffer0.2.patch	-1	-1	-1	false	false	false	false	false	false	false
20230818014904_seigot_main_20230816_1330_tamani-souha_v4_acc_jerk2_leftdrivablebound_collisionbuffer0.2.patch	116.508	110.683	69.1998	true	false	false	false	false	true	false
20230818015628_seigot_main_20230816_1330_tamani-souha_v4_acc_jerk2_leftdrivablebound_collisionbuffer0.2.patch	-1	-1	-1	false	false	false	false	false	false	false
20230818020211_seigot_main_20230816_1330_tamani-souha_v4_acc_jerk2_leftdrivablebound_collisionbuffer0.2.patch	116.347	110.53	67.1997	true	false	false	false	false	true	false
20230818020947_seigot_main_20230816_1330_tamani-souha_v4_acc_jerk2_leftdrivablebound_collisionbuffer0.3.patch	-1	-1	-1	false	false	false	false	false	false	false
20230818021711_seigot_main_20230816_1330_tamani-souha_v4_acc_jerk2_leftdrivablebound_collisionbuffer0.3.patch	-1	-1	-1	false	false	false	false	false	false	false
20230818022435_seigot_main_20230816_1330_tamani-souha_v4_acc_jerk2_leftdrivablebound_collisionbuffer0.3.patch	-1	-1	-1	false	false	false	false	false	false	false
20230818023159_seigot_main_20230816_1330_tamani-souha_v4_acc_jerk2_leftdrivablebound_collisionbuffer0.3.patch	-1	-1	-1	false	false	false	false	false	false	false
20230818023922_seigot_main_20230816_1330_tamani-souha_v4_acc_jerk2_leftdrivablebound_collisionbuffer0.3.patch	-1	-1	-1	false	false	false	false	false	false	false
20230818024646_seigot_main_20230816_1330_tamani-souha_v4_acc_jerk2_leftdrivablebound_collisionbuffer0.3.patch	-1	-1	-1	false	false	false	false	false	false	false
20230818025229_seigot_main_20230816_1330_tamani-souha_v4_acc_jerk2_leftdrivablebound_collisionbuffer0.3.patch	33.7444	32.0572	3.39933	false	false	true	false	false	true	false
20230818025824_seigot_main_20230816_1330_tamani-souha_v4_roadsholdersafetymargin0.1.patch	116.435	110.614	69.7963	true	false	false	false	false	true	false
20230818030407_seigot_main_20230816_1330_tamani-souha_v4_roadsholdersafetymargin0.1.patch	116.439	110.617	67.7999	true	false	false	false	false	true	false
20230818030950_seigot_main_20230816_1330_tamani-souha_v4_roadsholdersafetymargin0.1.patch	116.44	110.618	69.9998	true	false	false	false	false	true	false
20230818031533_seigot_main_20230816_1330_tamani-souha_v4_roadsholdersafetymargin0.1.patch	116.252	110.44	69.3999	true	false	false	false	false	true	false
20230818032115_seigot_main_20230816_1330_tamani-souha_v4_roadsholdersafetymargin0.1.patch	116.221	110.41	80.0002	true	false	false	false	false	true	false
20230818032658_seigot_main_20230816_1330_tamani-souha_v4_roadsholdersafetymargin0.1.patch	116.403	110.583	68.5999	true	false	false	false	false	true	false
20230818033241_seigot_main_20230816_1330_tamani-souha_v4_roadsholdersafetymargin0.1.patch	116.486	110.662	71.2035	true	false	false	false	false	true	false
20230818033836_seigot_main_20230816_1330_tamani-souha_v4_roadsholdersafetymargin0.2.patch	116.348	110.531	65.9999	true	false	false	false	false	true	false
20230818034419_seigot_main_20230816_1330_tamani-souha_v4_roadsholdersafetymargin0.2.patch	116.386	110.567	70.2005	true	false	false	false	false	true	false
20230818035142_seigot_main_20230816_1330_tamani-souha_v4_roadsholdersafetymargin0.2.patch	-1	-1	-1	false	false	false	false	false	false	false
20230818035906_seigot_main_20230816_1330_tamani-souha_v4_roadsholdersafetymargin0.2.patch	-1	-1	-1	false	false	false	false	false	false	false
20230818040449_seigot_main_20230816_1330_tamani-souha_v4_roadsholdersafetymargin0.2.patch	116.467	110.643	77.9995	true	false	false	false	false	true	false
20230818041213_seigot_main_20230816_1330_tamani-souha_v4_roadsholdersafetymargin0.2.patch	-1	-1	-1	false	false	false	false	false	false	false
20230818041937_seigot_main_20230816_1330_tamani-souha_v4_roadsholdersafetymargin0.2.patch	-1	-1	-1	false	false	false	false	false	false	false
20230818042538_seigot_main_20230816_1330_tamani-souha_v4_roadsholdersafetymargin0.3.patch	116.237	110.425	72.3999	true	false	false	false	false	true	false
